2096 3127
1105 304 1127 341 8

503 429 552 478 (c.
581 427 621 477 2)
659 439 742 464 eam
781 427 952 477 appellat
980 425 1172 472 Λαβινία,
1212 424 1350 464 Strabo
1374 426 1428 476 (v.
1452 428 1492 474 3)
1533 428 1727 466 Λαουινία.

501 498 682 550 Legimus
705 510 793 549 pag.
814 498 912 537 150:
934 497 1047 546 ὄνομα
1072 498 1110 537 δὲ
1134 498 1183 547 τῷ
1206 497 1387 545 κτίσματι
1413 500 1563 545 Αἰνείας
1585 501 1728 540 τίθεται

500 571 712 623 Λαουίνιον,
744 572 788 617 ὡς
817 572 886 619 μὲν
915 571 1019 612 αὐτοὶ
1050 573 1224 620 Ῥωμαῖοι
1253 571 1427 620 λέγουσιν
1452 574 1527 614 ἀπὸ
1553 577 1619 619 τῆς
1646 580 1728 614 Λα-

497 646 596 685 τίνου
635 646 816 693 θυγατρὸς
846 644 869 694 ᾗ
897 649 1051 684 Λαῦναν
1080 643 1172 684 εἶναι
1201 645 1299 691 Φασὶ
1328 645 1513 693 τοῦνομα;
1551 648 1616 686 3οᾶ
1644 660 1725 685 11011

497 718 610 757 facile
637 732 660 757 a
689 718 823 757 Launa
852 718 1064 757 derivatum
1094 731 1174 757 esse
1204 731 1347 757 nomen
1375 718 1579 759 Lavinium
1614 719 1727 758 alicui

498 790 730 830 suadebitur.
785 791 985 830 Praeterea
1024 791 1067 829 in
1107 790 1215 829 MSS.
1256 790 1330 828 hoc
1357 791 1444 829 loco
1473 794 1513 831 et
1541 805 1630 843 pag.
1650 793 1725 830 110

499 866 558 903 est
587 865 713 907 Δύνας
742 866 781 902 et
808 876 896 914 pag.
926 864 1002 901 150
1030 864 1073 901 in
1102 863 1292 902 Urbinate
1320 864 1528 911 Λαουνίαν,
1558 867 1603 903 ut
1631 877 1726 915 quo-

498 950 572 989 que
610 949 699 989 pag.
727 936 803 975 152
843 938 882 976 et
923 936 1012 976 161.
1070 934 1177 975 Haec
1204 935 1334 975 omnia
1369 936 1465 975 mihi
1494 937 1656 977 suadent
1683 938 1728 976 ut

499 1011 678 1049 omnibus
715 1010 809 1048 locis
846 1009 1026 1048 indicatis
1062 1010 1188 1060 legam
1218 1009 1399 1048 Λαουινία
1435 1023 1521 1049 011111
1551 1010 1726 1049 Reiskius

498 1083 640 1134 ubique
668 1082 804 1122 Λαύνα
828 1083 927 1121 edat.

551 1209 646 1260 Pag.
662 1209 749 1248 86*.
780 1209 1002 1256 ’Ἡρακλέους
1026 1207 1063 1251 ὃς
1088 1209 1255 1256 Ἰβηρίαν
1275 1209 1337 1247 καὶ
1364 1210 1416 1247 τὰ
1436 1209 1550 1258 μέχρι
1575 1211 1721 1257 δυσμῶν

498 1282 600 1328 ἡλίου
626 1281 753 1321 πάντα
778 1282 1052 1331 χειρωσάμενος
1079 1279 1173 1326 ἧκεν.
1218 1282 1353 1321 Paullo
1378 1284 1589 1322 accuratius
1604 1284 1723 1334 scrip-

498 1355 608 1394 sisset
636 1355 918 1405 κεχειρωμένος,
949 1356 995 1393 ut
1021 1357 1110 1407 post
1137 1367 1259 1407 pauca
1280 1355 1504 1404 διειργμένον
1529 1369 1600 1408 pro
1625 1356 1725 1405 διειρ-

499 1429 668 1476 γόμενον.
713 1428 847 1479 Comp.
877 1441 966 1479 pag.
988 1430 1064 1466 106
1093 1429 1258 1476 Ἰβηρίαν
1287 1429 1350 1473 ἤδη
1381 1429 1659 1476 κεχειρωμένος.

549 1557 642 1606 Pag.
661 1556 748 1595 86*.
777 1557 808 1594 οἱ
834 1557 902 1602 μὲν
927 1557 1076 1598 πλείους
1098 1554 1190 1600 ἦσαν
1212 1557 1512 1605 Πελοποννήσιοι,
1541 1556 1726 1594 Φενεᾶταί

492 1644 537 1669 τε
577 1628 641 1668 καὶ
682 1628 822 1667 Ἐπειοὶ
854 1629 884 1667 οἱ
924 1627 964 1673 ἐξ
998 1628 1163 1670 ’Ἠλιδοςπ
1219 1628 1327 1667 Inter
1355 1641 1419 1667 003
1448 1628 1515 1679 qui
1543 1628 1585 1666 in
1613 1627 1726 1666 Italia

491 1703 748 1741 consederunt
786 1701 995 1751 Dionysius
1030 1703 1179 1751 partem
1207 1701 1382 1740 Herculis
1411 1702 1596 1739 comitum
1625 1715 1719 1739 enu-

489 1776 633 1822 merat,
658 1774 724 1826 qui
746 1774 871 1826 patria
901 1774 1025 1813 deleta
1053 1774 1095 1813 in
1123 1774 1170 1813 113
1197 1774 1419 1825 regionibus
1444 1786 1599 1813 manere
1623 1773 1719 1812 mal-

488 1849 581 1887 lent.
625 1847 812 1894 Maiorem
843 1849 993 1898 partem
1021 1860 1152 1886 eorum
1176 1847 1477 1899 Peloponnesios
1499 1848 1538 1885 et
1563 1859 1719 1884 accura-

426 1939 430 1943 -
489 1922 565 1960 tius
595 1921 809 1960 Pheneates
838 1922 877 1959 et
908 1920 1034 1971 Epeos
1063 1934 1109 1959 ex
1138 1920 1248 1960 Elide
1277 1921 1393 1959 fuisse
1422 1921 1567 1959 narrat.
1625 1918 1720 1964 Quia

489 1996 617 2033 autem
646 1993 754 2032 nullo
783 1992 858 2031 alio
887 1993 973 2031 loco
1007 1993 1103 2044 Epei
1131 1993 1380 2040 habitabant,
1400 2006 1515 2044 quam
1529 1992 1571 2030 in
1586 1991 1716 2038 Elide,

490 2081 571 2106 non
600 2080 752 2105 necesse
786 2068 869 2104 erat
905 2079 970 2105 eos
1005 2067 1240 2117 distinguere
1269 2067 1318 2105 ab
1348 2067 1423 2105 alia
1451 2067 1618 2105 eiusdem
1646 2078 1718 2103 no-

489 2140 604 2179 minis
633 2141 749 2190 gente
777 2140 817 2178 et
847 2140 1049 2178 delendum
1080 2142 1139 2179 est
1162 2140 1364 2179 articulum
1389 2142 1419 2180 οἱ
1445 2140 1547 2191 quod
1571 2153 1617 2178 ex
1641 2139 1717 2177 dit-

489 2212 696 2264 tographia
734 2214 869 2251 natum
907 2226 987 2252 esse
1024 2214 1104 2252 veri
1132 2214 1254 2252 simile
1289 2215 1358 2252 est.
1416 2214 1616 2252 Praeterea
1646 2225 1717 2250 no-

486 2286 650 2324 tandum
687 2287 746 2323 est
782 2285 907 2336 Epeos
955 2288 1109 2325 tantum
1156 2288 1203 2325 ex*
1252 2287 1362 2343 Elide
1404 2287 1540 2326 fuisse:
1587 2285 1715 2328 Φενεός

489 2358 674 2410 oppidum
702 2357 889 2397 Arcadiae
918 2361 1001 2398 erat
1030 2358 1158 2411 (Conf.
1189 2360 1353 2399 Pausan.
1380 2359 1499 2407 VIII,
1530 2360 1601 2405 14,
1635 2358 1714 2410 15).

543 2467 637 2519 Pag.
655 2467 718 2506 93.
749 2466 908 2518 παρέχει
939 2469 1156 2515 εὐθηνούσας
1187 2470 1257 2515 τὰς
1288 2469 1449 2519 (ἐγέλας.
1494 2469 1714 2509 Herodotus
