2096 3127
958 338 1006 377 19

369 462 471 501 unde
499 464 660 513 appareiz
688 461 891 508 ἐμβατεύω
920 475 1006 500 cum
1036 462 1133 500 tueri
1162 462 1374 512 signifieat,
1404 462 1591 501 accusati-

369 548 459 573 vum
503 548 630 574 secum
669 534 831 580 habere;
871 547 947 586 qua
982 534 1029 574 de
1065 548 1178 574 eausa
1214 535 1256 574 in
1294 535 1470 587 Dionysii
1505 536 1589 576 1000

369 607 485 646 citato
514 609 562 657 τῷ
591 608 712 658 χωρίῳ
739 608 782 646 in
810 607 851 646 τὸ
880 608 1010 656 χωρίον
1039 608 1267 646 mutandum
1295 621 1441 647 censeo.

423 752 625 804 Pag..198.
671 753 702 792 εἰ
732 754 895 796 τοιοῦτος
923 752 939 791 ὃ
968 757 1036 798 τῆς
1066 751 1183 796 ὠδῖνος
1213 751 1320 792 ἔσται
1343 752 1462 800 γόνος.
1505 753 1587 793 No-

367 825 482 864 minis
508 826 588 869 ὢδίς
611 826 713 877 quod
734 838 821 864 raro
845 825 887 863 in
910 838 1023 876 prosa
1045 825 1207 877 legitur,
1232 826 1389 876 pluralis
1410 826 1586 864 usissaffior

367 901 426 938 est
453 913 568 951 quam
597 899 813 950 singularis.
831 882 918 957 *Ista
947 899 1048 950 apud
1076 898 1287 938 Homerum
1313 899 1374 950 (Il.
1400 899 1468 938 XI.
1492 900 1586 951 274)

368 973 558 1011 εἷλείθυιαι
590 972 770 1012 dicuntur

529 1047 642 1093 Ἥρης
673 1046 873 1094 θυγατέρες
903 1046 1034 1094 πικρας
1065 1045 1194 1088 ὠδῖνας
1225 1044 1400 1094 ἔχουσαι,

368 1120 407 1157 eb
435 1119 537 1170 apud
564 1118 787 1169 Euripidem
816 1118 977 1169 (Phoen.
1008 1132 1064 1156 vs.
1096 1117 1191 1170 355)
1220 1118 1361 1169 legitur

532 1191 641 1231 δεινὸν
671 1190 838 1239 γυναιξὶν
867 1192 906 1230 αἱ
936 1191 979 1230 δι’
1007 1191 1134 1230 ὠδίνων
1163 1192 1283 1238 γοναί.

367 1264 575 1316 Dionysius
613 1265 695 1316 ipse
733 1264 851 1303 habet
887 1264 1074 1315 pluralem
1105 1277 1194 1315 pag.
1227 1265 1303 1303 217
1334 1269 1409 1307 τοῖς
1437 1265 1588 1313 Φυλάτ-

370 1351 468 1376 τουσι
505 1338 576 1380 τὰς
614 1338 744 1380 ὠδῖνας
781 1339 821 1376 et
857 1349 945 1388 pag.
978 1337 1056 1375 649
1096 1335 1194 1375 ἔστιν
1221 1335 1322 1380 οὗτος
1352 1338 1487 1381 αὐταῖς
1517 1342 1587 1376 τῶν

371 1409 497 1449 ὠδίνων
526 1407 612 1458 ὅρος.

422 1555 516 1607 Pag.
544 1556 634 1595 198.
678 1555 740 1594 καὶ
779 1555 855 1602 γὰρ
884 1554 974 1600 ὁμοῦ
1003 1570 1039 1594 τι
1067 1555 1118 1604 τῷ
1149 1555 1286 1594 τίκτειν
1315 1553 1405 1593 εἶναι
1434 1556 1501 1600 τὴν
1530 1555 1587 1594 κό-

368 1643 440 1676 ρην.
483 1628 531 1667 In
561 1629 621 1666 his
649 1628 859 1666 scribendis
887 1627 1073 1678 Dionysio
1096 1627 1301 1666 Menandri
1324 1628 1585 1678 fragmenssum

368 1701 506 1752 (CCIV
546 1701 699 1751 Fragm.
744 1700 850 1739 Gom.
896 1699 1027 1739 Graec.
1069 1701 1126 1738 ed.
1169 1700 1218 1738 A.
1261 1700 1451 1752 Meineke)
1495 1703 1587 1739 ante

367 1775 497 1813 oeulos
533 1774 647 1812 fnisse
685 1774 762 1812 iam
801 1773 859 1811 vir
895 1774 984 1811 clar.
1025 1772 1147 1812 Oobef,
1181 1773 1341 1824 (Mnem.
1380 1774 1450 1813 IV.
1491 1773 1585 1825 295)

367 1846 602 1885 observavit:
650 1846 792 1884 ibidem
840 1845 951 1884 docet
988 1845 1267 1884 Grammaticos
1306 1847 1450 1885 veteres
1488 1847 1584 1885 falso

366 1921 553 1958 annobare
581 1919 670 1965 ὁμοῦ
699 1918 916 1970 significare
944 1918 1076 1966 ἐγγύς.
1134 1917 1341 1970 Dionysius
1371 1919 1444 1958 hoe
1471 1933 1583 1958 voea-

366 1993 456 2032 bulo
491 2006 578 2031 eum
605 2007 641 2031 τι
671 1992 876 2031 coniuncto
904 1992 1026 2031 utitur
1053 2006 1124 2043 pro
1152 1993 1286 2040 σχεδόν
1312 1995 1351 2032 et
1377 1993 1455 2032 fere
1484 2007 1582 2032 sem-

366 2079 433 2117 per
463 2053 521 2105 ἔπὶ
551 2065 679 2114 χρόνου
708 2064 858 2112 ἔταξεν,
886 2067 931 2104 ui:
951 2065 1007 2103 ait
1029 2065 1164 2104 Suidas
1188 2065 1230 2103 in
1254 2078 1365 2111 voee;
1391 2080 1421 2104 e.
1439 2079 1476 2117 g.
1492 2080 1582 2118 pag.

367 2140 445 2178 480
475 2138 681 2186 παρέδοσαν
712 2140 798 2184 ἡμῖν
826 2139 856 2177 οἱ
887 2138 1045 2186 πατέρες
1076 2129 1165 2184 ὁμοῦ
1195 2154 1231 2177 τι
1259 2138 1490 2178 πεντακόσια
1518 2140 1583 2184 ἔτη

367 2214 472 2251 τοῦτο
510 2213 552 2251 τὸ
593 2216 730 2259 σχῆμα
771 2214 835 2249 τοῦ
873 2211 957 2257 βίου
994 2209 1324 2260 διαφυλάξαντες,
1359 2225 1447 2263 pag,
1481 2213 1585 2252 1034

366 2286 456 2331 ὁμοῦ
485 2300 519 2324 τι
549 2285 791 2333 τετρακοσίων
819 2283 1083 2332 διαγενομένων
1110 2284 1220 2332 ἐτῶν;
1243 2284 1299 2324 ita
1322 2299 1472 2337 quoque
1495 2299 1584 2337 pag.

370 2359 495 2405 1088,
525 2371 613 2409 pag.
646 2359 772 2405 1338,
802 2370 890 2409 pag.
923 2357 1039 2397 1653.

420 2503 514 2558 Pag.
533 2504 605 2543 201
663 2505 683 2550 ἦ
708 2506 771 2544 τοῦ
796 2506 966 2551 ποταμοῦ
992 2505 1141 2550 πλήμη.
1184 2504 1268 2545 Iam
1291 2504 1452 2545 Phobius
1475 2520 1585 2563 usum
