2096 3127
846 834 1080 878 LIBER
1125 831 1488 885 QUINTUS.

605 1104 702 1154 Pag.
729 1104 819 1143 857.
862 1104 911 1142 In
949 1104 1213 1142 coniuratione
1249 1117 1380 1142 eorum
1419 1104 1485 1154 qui
1523 1103 1773 1154 Tarquinium

550 1189 681 1227 regem
718 1177 917 1215 restituere
953 1176 1217 1223 conabantur,
1254 1175 1462 1227 Dionysius
1498 1178 1650 1215 narrat:
1683 1176 1772 1224 παρ’

551 1251 763 1292 Ἀκυλλίοις
792 1255 867 1293 τοῖς
898 1251 939 1287 ἐκ
967 1255 1034 1294 τῆς
1065 1249 1293 1288 Κολλατίνου
1321 1249 1514 1296 γεγονόσιν
1542 1249 1714 1298 ἀδελφῆς
1743 1250 1774 1288 οἱ

551 1322 839 1372 κορυφαιότατοι
870 1326 940 1361 τῶν
970 1323 1006 1361 ἐν
1034 1328 1079 1371 τῇ
1109 1322 1318 1372 συνωμοσίᾳ
1346 1323 1624 1369 κατήγοντο
1654 1335 1774 1370 παρα-

551 1395 745 1440 κληθέντες
784 1398 831 1436 ὦς
870 1396 933 1444 ἐφ’
972 1395 1050 1442 ἱεροὶ
1090 1395 1151 1433 καὶ
1192 1395 1332 1433 θυσίαν.
1389 1394 1653 1445 Suspicionem
1683 1394 1777 1432 facit

552 1470 783 1517 κατάγοντας
808 1467 1044 1516 κατάγεσθαι
1068 1468 1171 1507 enim
1196 1468 1376 1506 dicuntur
1399 1468 1526 1507 exules
1548 1468 1591 1506 in
1610 1467 1775 1519 patriam

550 1543 777 1588 redeuntes,
817 1544 886 1580 aut
922 1542 950 1579 ii
988 1542 1054 1592 qui
1090 1542 1132 1579 in
1169 1541 1306 1580 itinere
1342 1542 1470 1592 aliquo
1500 1542 1772 1587 devertuntur,

553 1618 598 1653 ut
623 1617 725 1654 reete
753 1615 895 1665 legitur
923 1627 1012 1665 pag.
1032 1616 1130 1653 796:
1159 1615 1194 1652 ἕν
1217 1615 1334 1662 τούτῳ
1360 1615 1402 1658 δὴ
1426 1616 1476 1662 τῷ
1502 1617 1611 1663 καιρῷ
1636 1615 1773 1659 Σέξτος

551 1689 567 1727 ὁ
612 1688 875 1736 πρεσβύτατος
916 1693 987 1727 τῶν
1027 1689 1232 1735 Ταρκυνίου
1275 1689 1414 1726 παίδων
1452 1711 1501 1717 -
1543 1691 1631 1735 παρ’
1674 1688 1772 1736 ἀνδρὶ

554 1761 728 1809 κατήχθη
768 1765 946 1807 συγγινεῖ
984 1761 1129 1808 Λευκίῳ
1165 1760 1368 1808 Ταρκυνίῳ.
1426 1760 1475 1798 In
1511 1760 1774 1799 coniuratione

552 1834 680 1870 autem
714 1833 825 1870 aliud
861 1833 1019 1870 verbum
1058 1832 1242 1870 usitatum
1280 1834 1359 1878 est3
1387 1832 1529 1883 legitur
1558 1846 1589 1870 e.
1615 1845 1652 1883 g.
1682 1845 1771 1883 pag.

553 1904 654 1943 718:
686 1904 865 1951 ἐκβαλεῖν
895 1904 935 1942 ἐκ
959 1909 1026 1949 τῆς
1049 1904 1252 1951 βασιλείας
1276 1904 1337 1943 τὸν
1363 1904 1526 1944 Τύλλιον
1550 1928 1598 1934 -
1624 1905 1773 1954 ἐμηχα-

553 1981 660 2016 νῶντο
700 1977 864 2024 ἑταιρίας
903 1992 945 2015 τε
984 1976 1208 2023 συνάγοντες
1247 1977 1310 2015 καὶ
1348 1980 1419 2015 τῶν
1456 1978 1655 2025 πατρικίων
1688 1979 1772 2021 τοὺς

552 2050 757 2098 ἀλλοτρίως
794 2048 953 2097 ἔχοντας
991 2049 1080 2098 πρὸς
1116 2049 1179 2088 τὸν
1216 2050 1386 2097 βασιλέα
1414 2051 1476 2090 καὶ
1507 2052 1559 2090 τα
1588 2051 1772 2098 δημοτικοὶ

552 2121 819 2168 πολιτεύματα
843 2125 1152 2169 παρακαλοῦντες
1166 2151 1175 2166 ,
1202 2122 1249 2160 de
1271 2121 1420 2160 Latinis
1444 2123 1587 2161 bellum
1610 2123 1773 2161 molien-

553 2194 656 2232 tibus
693 2197 829 2233 eontra
854 2195 1051 2233 Romanos
1077 2195 1265 2233 incitante
1292 2194 1464 2233 Mamilio
1491 2195 1654 2246 legimus
1682 2208 1771 2246 pag.

553 2267 651 2306 962:
682 2266 745 2305 καὶ
773 2266 951 2313 γίγνεται
980 2267 1076 2311 κοινὴ
1105 2270 1175 2305 τῶν
1199 2265 1457 2313 συναγομένων
1487 2267 1538 2309 εἷς
1568 2271 1772 2315 Φερεντῖνον

552 2340 697 2387 ἀγοραὶε
745 2341 959 2377 conventus
1002 2339 1287 2377 coniuratorum
1328 2340 1573 2389 appellantur
1615 2339 1771 2385 σύνοδοι,

552 2414 598 2452 ut
638 2424 727 2464 pag.
774 2412 874 2452 856:
919 2411 1110 2452 ’Λκύλλιοι
1154 2436 1206 2442 -
1235 2412 1323 2460 παρ’
1364 2408 1415 2456 οἷς
1461 2412 1501 2452 αἱ
1544 2411 1680 2452 σύνοδοι
1720 2412 1771 2452 τοὶ

551 2485 678 2524 πολλὰ
707 2485 898 2530 ἐγίγνοντο
928 2487 968 2522 et
995 2497 1084 2533 pag.
1116 2485 1215 2522 962:
1246 2483 1283 2528 ὃς
1312 2485 1437 2526 ἐπειδὴ
1461 2486 1528 2528 τὴν
1552 2487 1666 2530 κοινὴν
1690 2485 1770 2523 σύν-
