2096 3127
913 348 937 387 3

318 472 401 516 tur,
432 483 529 522 quae
561 470 671 529 facile
708 471 892 510 confundi
919 474 1120 522 poterant,
1160 485 1191 510 e.
1208 484 1245 522 g.
1276 484 1365 522 pag.
1385 471 1488 509 1160
1519 470 1536 508 ὂ

315 543 347 582 δ’
378 543 577 588 ἐπίκλητός
616 559 673 591 γε
714 544 832 583 οὑτοσὶ
872 546 934 584 καὶ
976 546 1166 590 ἐπίσκηνος
1204 545 1331 595 ὄχλος.
1389 544 1536 584 Contra

315 629 403 667 pag.
434 618 510 655 126
548 630 618 667 pro
648 617 790 661 ταύτης
823 632 874 656 τε
905 618 947 662 δὴ
976 623 1043 662 τῆς
1072 617 1297 665 συγγενείας
1327 618 1532 664 ἀναμνήσει

317 701 403 728 eum
431 689 639 729 Buechlero
668 690 925 730 revocandum
954 692 1013 729 est
1041 690 1183 735 ταύτης
1212 705 1259 737 γε
1288 690 1328 734 δη
1360 704 1393 728 κ.
1410 705 1445 728 τ.
1463 689 1491 727 ἑ.

370 834 463 885 Pag.
491 835 553 872 11.
592 836 643 878 εἰς
680 835 842 878 ὑπάτους
881 835 1061 875 Κλαύδιον
1101 835 1252 884 Νέρωνα
1290 835 1332 873 τὸ
1372 835 1536 884 δεύτερον

317 907 551 947 ὑπατεύοντα
579 908 641 947 καὶ
673 908 821 948 niceam
856 908 1114 957 Καλπούρνιον.
1172 908 1249 948 Vix
1280 908 1381 947 credi
1409 910 1538 959 potest

316 980 544 1031 Dionysium
571 982 626 1019 sie
654 982 868 1032 scripsisse:
908 982 1070 1032 legimus
1099 982 1201 1019 enim
1230 993 1318 1031 pag.
1337 981 1413 1019 891
1444 982 1537 1019 ἀπο-

318 1053 502 1092 δείκνυται
525 1054 726 1101 Οὐαλέριος
748 1055 789 1094 τὸ
809 1054 972 1102 δεύτερον
992 1053 1146 1100 ὕπατος,
1168 1067 1256 1105 pag.
1272 1054 1375 1094 1475
1401 1052 1536 1094 ὕπατοι

318 1125 349 1163 δ’
369 1126 647 1174 ἀπεδείχθησαν
668 1125 813 1171 Κόιντος
835 1128 1053 1170 Σουλπίκιος
1077 1132 1276 1175 Καμερῖνος
1303 1127 1365 1166 καὶ
1383 1127 1536 1176 Σέργιος

318 1199 476 1245 Λάρκιος
517 1199 676 1241 Φλαύιος
714 1200 755 1237 τὸ
802 1200 982 1250 Sim-spon,
1021 1213 1109 1250 pag.
1145 1201 1249 1239 1734
1283 1200 1536 1238 ἀποδείκνυσιν

321 1271 483 1315 ὑπάτους
512 1271 622 1311 Γάϊον
661 1273 876 1312 Ἰούλιον...
908 1272 971 1312 καὶ
1003 1274 1147 1312 Κοίντον
1180 1272 1322 1320 Φάβιον
1353 1272 1535 1316 Καίσωνος

320 1346 392 1384 υἱὸν
423 1346 463 1383 τὸ
489 1345 650 1392 δεύτερον
678 1348 717 1384 et
738 1347 793 1384 ita
816 1360 966 1396 quoque
990 1359 1079 1396 pag.
1099 1347 1224 1391 1739,
1258 1347 1383 1391 1774,
1410 1347 1537 1391 1844,

323 1418 425 1455 1908
455 1419 495 1455 et
526 1417 699 1467 pluribus
737 1417 822 1455 aliis
858 1418 973 1463 loeis3
1011 1431 1200 1468 nusquam
1234 1417 1452 1468 appositum
1481 1419 1540 1455 est

318 1484 562 1539 participium
603 1490 807 1527 ὑπατεύων.
864 1489 969 1539 E1go
1010 1490 1073 1528 hic
1111 1503 1262 1540 quoque
1302 1489 1540 1528 ὑπατεύοντα

319 1574 399 1600 11011
428 1576 450 1600 a
486 1560 672 1612 Dionysio
709 1561 881 1600 additum
919 1561 983 1600 sed
1021 1575 1044 1600 a
1076 1562 1267 1612 'magistro
1292 1562 1538 1612 in margine

318 1634 534 1686 explicandi
561 1647 674 1673 eausa
703 1634 936 1685 adscriptum
965 1647 1045 1673 esse
1073 1636 1112 1673 et
1134 1634 1224 1673 inde
1247 1635 1289 1673 in
1314 1636 1462 1673 textum
1484 1635 1537 1673 ir-

318 1708 478 1758 repsisse
517 1707 692 1745 arbitror.
751 1706 966 1745 Confirmat
1004 1706 1105 1744 hanc
1144 1707 1366 1757 opinionem
1404 1707 1539 1746 Suidas

317 1781 383 1831 qui
398 1782 537 1818 >totum
565 1780 669 1817 hune
697 1780 822 1817 locum
851 1779 1115 1829 transscripsit
1141 1780 1184 1818 in
1209 1793 1301 1818 voce
1335 1779 1536 1828 Ἀσσύριοι,

317 1852 384 1891 ubi
410 1852 552 1902 legitur
574 1852 625 1893 εἷς
651 1851 814 1893 ὑπάτους
841 1851 1024 1890 Κλαύδιον
1049 1851 1201 1898 Νέρωνα
1221 1853 1262 1891 τὸ
1288 1852 1451 1900 δεύτερον
1473 1852 1537 1890 καὶ

319 1926 466 1964 Πίσωνα
498 1924 754 1971 Καλπούρνιον.

373 2072 465 2122 Pag.
501 2072 562 2109 13.
592 2070 699 2108 ἄλλα
724 2069 767 2108 δι’
793 2068 1077 2116 αὐτοματισμόν
1102 2082 1196 2107 τινα.
1239 2068 1447 2120 Dionysius
1470 2069 1536 2108 de-

317 2146 480 2184 lectatur
518 2143 738 2182 nominibus
775 2143 817 2180 in
855 2141 923 2189 μός
964 2142 1210 2188 exeuntibus,
1250 2155 1347 2192 quae
1384 2144 1537 2180 tantum

319 2217 420 2269 apud
457 2216 685 2256 recentiores
723 2216 916 2266 leguntur.
973 2214 1198 2254 Invenimus
1238 2229 1284 2253 ex
1321 2215 1540 2254 huiusmodi

318 2289 567 2328 substantivis
596 2288 698 2339 apud
726 2301 812 2326 eum
840 2288 991 2339 praeter
1018 2287 1092 2326 hoo
1120 2287 1404 2335 αὑτοματισμός
1430 2287 1541 2336 ἁγισ-

319 2365 386 2408 μός
424 2365 528 2413 (pag.
565 2363 633 2408 54,
673 2363 761 2411 86),
810 2362 1017 2408 ἐναγισμός
1058 2363 1163 2416 (pag.
1201 2363 1318 2412 380),
1357 2362 1541 2407 α’γνισμός

318 2438 423 2490 (pag.
437 2436 528 2482 383,
545 2435 653 2486 469),
671 2433 836 2482 οὶγυρμός
855 2434 958 2486 (pag.
973 2433 1080 2486 274),
1097 2433 1316 2483 οὶμφιεσμός
1334 2434 1389 2485 (p.
1406 2434 1539 2486 1653),

318 2509 570 2554 ἄποσπασμός
611 2509 716 2560 (pag.
759 2508 874 2558 975),
914 2507 1129 2555 ἀφανισμός
1170 2508 1274 2559 (pag.
1315 2509 1393 2553 99,
1437 2508 1539 2552 195,
