2096 3127
978 346 1027 384 55

451 470 544 521 Pag.
564 469 679 508 1534.
710 473 840 518 πρῶτοι
877 470 914 509 δὲ
944 468 1085 518 ἦρξαν
1111 471 1261 509 Αἰκανοὶ
1283 477 1348 516 τῆς
1374 471 1618 514 ἀποστάσεως

393 544 433 581 et
461 544 550 593 post
576 555 698 594 pauca
726 542 1007 590 ἀρξαμένων
1034 543 1070 582 δὲ
1094 544 1236 583 ,τούτων
1260 544 1616 591 πολλοὶ-συνελάμ·

392 614 521 661 βανον.
566 614 816 666 Manifestum
841 617 900 653 est
922 617 991 654 aut
1014 613 1124 663 ἧρξαν
1148 618 1217 654 aut
1238 616 1451 665 ἀρξαμένων
1476 618 1615 656 falsum

394 701 485 726 esse.
544 687 640 733 Quia
669 688 794 726 autem
824 688 979 739 Aequos
1008 689 1152 739 primos
1180 690 1358 729 defecisse
1385 705 1408 729 a
1432 692 1616 729 Romanis

394 762 568 808 constat,
591 762 674 799 tum
696 761 840 801 multos
859 762 954 801 alios
978 775 1109 801 eorum
1124 764 1339 814 exemplum
1354 766 1502 802 secutos
1523 778 1614 810 esse,

395 847 475 871 non
523 834 680 872 dubium
726 836 784 872 est
833 836 927 885 quin
966 835 1219 883 ἀρξάντων
1260 837 1299 875 δὲ
1348 821 1485 875 τούτων
1528 850 1617 875 vera

396 908 509 946 lecfio
539 908 599 946 sit.
657 907 764 946 Idem
793 908 929 946 vitIum
956 909 1098 958 legitur
1119 921 1207 959 pag.
1229 909 1354 948 1551:
1385 909 1617 949 εἰσελθόντων

396 980 432 1018 δὲ
463 981 584 1019 αὐτῶν
614 978 747 1027 ἤρξατο
776 983 841 1019 τοῦ
868 979 981 1027 λόγου
1006 981 1205 1025 Μηνύκιος.
1254 981 1421 1019 Romani
1449 982 1617 1020 adventu

397 1051 531 1091 Marcii
560 1052 754 1091 Coriolani
792 1054 984 1104 perterriti
1012 1055 1160 1104 legatos
1189 1054 1237 1092 ad
1267 1068 1353 1092 eum
1382 1055 1545 1093 mittunt
1571 1056 1618 1092 de

396 1139 490 1176 pace
528 1128 567 1164 et
603 1126 790 1174 amicitia,
829 1141 850 1165 e
886 1127 1023 1177 quibus
1036 1156 1045 1174 ‚
1085 1127 1126 1165 in
1156 1127 1360 1165 concilium
1390 1127 1618 1166 Volscorum

396 1199 647 1247 introductis,
687 1200 878 1239 Minucius
907 1201 1054 1252 primus
1082 1200 1197 1239 verba
1225 1200 1336 1246 fecit3
1368 1200 1439 1239 hoc
1478 1200 1619 1239 Graece

397 1271 535 1310 dicitur
565 1269 666 1321 ἦρξεν
694 1275 759 1312 τοῦ
782 1273 911 1320 λόγου.

451 1417 547 1468 Pag.
570 1417 686 1456 1568.
716 1417 766 1456 In
794 1418 841 1456 iis
869 1431 966 1468 quae
995 1417 1221 1456 Coriolanus
1246 1418 1294 1454 ad
1317 1417 1434 1455 verba
1458 1417 1618 1455 Minucii

394 1490 594 1541 respondit
618 1491 802 1542 legimus:
845 1496 919 1535 τοῖς
950 1491 986 1530 δὲ
1016 1490 1143 1534 ἄλλοις
1174 1491 1366 1537 Ῥωμαίοις
1395 1490 1617 1538 ἀπέχθομαί

395 1578 438 1602 τε
467 1565 512 1607 ὥς
544 1564 706 1611 δύναμαι
738 1563 912 1611 μάλιστα
941 1564 1004 1603 καὶ
1034 1565 1184 1610 πολεμῶ
1214 1566 1275 1602 καὶ
1308 1563 1480 1602 οὐδέποτε
1502 1567 1617 1609 μισῶν

398 1638 531 1682 αὐτοὺς
571 1638 779 1684 παύσομαι.
837 1638 1036 1677 Vocabula
1075 1638 1137 1676 καὶ
1179 1642 1328 1685 πολεμῶ
1367 1637 1491 1688 spuria
1523 1637 1618 1675 mihi

395 1712 586 1751 videntur.
642 1711 772 1749 Primo
809 1712 893 1749 loco
933 1710 1159 1750 Coriolanus
1197 1724 1277 1749 non
1317 1711 1444 1749 minus
1482 1712 1617 1749 contra

398 1783 579 1836 patricios
617 1797 731 1835 quam
768 1785 903 1823 contra
938 1783 1089 1835 plebem
1117 1783 1260 1822 bellum
1288 1783 1447 1835 gerebat
1473 1785 1513 1822 et
1539 1783 1616 1822 iam

396 1857 587 1894 Minucius
623 1857 666 1894 in
704 1857 877 1894 oratione
910 1858 1065 1906 questus
1101 1859 1184 1894 erat
1220 1870 1306 1894 eum
1336 1857 1507 1906 patriciis
1536 1869 1617 1894 non

396 1943 570 1981 parcere:
601 1930 722 1973 »τίνος
752 1926 810 1969 οὖν
834 1931 941 1977 ἡμεῖς
964 1930 994 1969 οἱ
1018 1931 1200 1978 πατρίκιοι
1225 1934 1294 1969 ’τῶν
1318 1929 1616 1977 συμβεβηκότων

396 2016 450 2042 σοι
490 2006 610 2042 κακῶν
651 2002 866 2050 γεγόναμεν
905 2002 1013 2041 αἴτιοι
1051 2002 1115 2041 καὶ
1155 2002 1215 2041 διὰ
1254 2003 1292 2042 τί
1325 2007 1503 2049 πολεμεῖς
1529 2003 1617 2049 ἡμῖν

375 2076 580 2121 ’τοσαύτην
615 2075 756 2115 εὔνοιαν
792 2075 1093 2122 ἀποδειξαμένοις
1123 2076 1204 2123 περὶ
1234 2076 1275 2114 σὲ
1305 2076 1407 2114 κατὰ
1438 2078 1500 2115 τὸν
1529 2075 1616 2114 τότε

395 2148 572 2198 ἄγωνα;”
587 2152 691 2200 (pag.
712 2148 844 2202 1554).
883 2148 982 2188 Tum
1006 2150 1120 2188 antea
1140 2148 1237 2187 dixit
1261 2147 1508 2188 Coriolanus:
1534 2148 1616 2188 »σοὶ

396 2224 482 2271 μὲν,
521 2220 546 2261 ὦ
585 2222 776 2268 Μηνύκιε,
815 2225 879 2262 καὶ
910 2224 995 2270 ὑμῖν
1023 2227 1098 2267 τοῖς
1128 2221 1214 2269 ἅμα
1243 2222 1359 2271 τούτῳ
1389 2223 1616 2272 πεμφθεῖσιν

396 2296 464 2336 ὑπὸ
499 2301 566 2342 τῆς
604 2296 743 2343 βουλῆς
783 2296 893 2345 φίλος
922 2296 998 2343 εἰμὶ
1028 2295 1090 2336 καὶ
1120 2294 1302 2344 πρόθυμος
1326 2295 1360 2335 εἴ
1393 2311 1428 2336 τι
1454 2295 1616 2343 δύναμαι

396 2374 508 2408 ποιεῖν
534 2368 710 2415 ἀγαθόν.”
752 2368 814 2407 Ita
840 2368 1060 2408 affectiones
1084 2369 1225 2416 animi,
1246 2368 1513 2408 benevolentia
1526 2380 1618 2418 erga

396 2441 599 2492 patricios,
641 2441 771 2480 odium
806 2442 848 2480 in
886 2441 1036 2492 plebem
1049 2470 1058 2488 ‚
1095 2441 1194 2480 bene
1220 2442 1323 2480 inter
1351 2455 1390 2480 se
1419 2441 1618 2492 oppositae

398 2515 513 2558 sunt3
551 2513 667 2551 verbo
706 2516 834 2552 autem
875 2518 1024 2561 πολεμῶ
1054 2513 1152 2552 1111111
1179 2514 1397 2565 respondit,
1427 2527 1549 2563 neque
1576 2513 1616 2550 in
