2096 3127
1060 319 1109 360 16

472 445 601 492 γοὶλων
631 444 715 483 θεῶν
734 428 807 483 1κοιὶ
837 443 924 493 ὅπερ
953 442 1006 483 ἔτι
1036 441 1076 488 ἦν
1105 441 1319 482 Παλλάδιον
1350 470 1359 481 .
1378 472 1387 482 .
1404 470 1412 482 .
1433 471 1442 482 .
1459 442 1629 492 οἴχεσθαί
1652 457 1694 482 τε

471 518 681 564 κομίσωνται
710 519 772 557 τὸν
800 518 952 557 Αἰνείαν
981 519 1021 557 ἐκ
1050 522 1114 562 τῆς
1138 516 1278 560 πόλεως
1308 517 1371 556 καὶ
1403 516 1520 555 ἐλθεῖν
1547 516 1694 564 ἄγονται

471 592 521 634 εἷς
553 590 740 630 Ἰτοιλίοιν.
801 581 973 630 Offendit
1000 591 1163 630 alterum
1192 589 1361 630 Αἱνείοονε
1385 590 1470 641 quis
1493 590 1597 628 enim
1621 604 1695 628 un-

472 678 588 716 quam
618 664 753 703 scribit
780 665 929 703 Λῖνείοιν
958 663 1102 712 ἄραντα
1131 663 1302 713 οἴχεσθαί
1330 679 1371 703 τε
1397 663 1608 710 κομίσαντα
1635 662 1695 702 τὸν

474 738 623 777 Αἰνείαν
676 738 738 776 καὶ
783 736 923 776 ἐλθεῖνῖ
974 737 1080 776 Haec
1122 738 1268 789 legenti
1307 737 1402 776 mihi
1442 738 1485 776 in
1527 738 1697 775 mentem

473 812 664 850 venerunt
690 809 853 860 Vergilii
881 822 1012 848 versus
1041 809 1154 861 (Aen.
1180 810 1221 849 H
1247 811 1322 850 707
1347 811 1447 862 sqq.)
1461 839 1470 857 ,
1495 810 1561 848 ubi
1584 810 1698 861 poeta

474 886 609 937 narrat
631 883 822 934 quomodo
846 884 997 933 praeter
1016 895 1122 920 sacra
1136 883 1357 933 patriosque
1371 883 1535 921 Penates
1548 882 1699 921 Aeneas

476 957 625 1007 patrem
650 954 849 994 Anchisen
872 968 919 993 ex
941 954 1120 993 incendio
1145 955 1315 993 servarit.
1359 955 1464 993 Hinc
1486 955 1589 1006 apud
1603 954 1697 993 Dio-

476 1028 627 1080 nysium
669 1028 812 1066 lectum
855 1041 935 1066 esse
976 1027 1188 1073 κομίσαντα
1224 1027 1285 1066 τὸν
1323 1027 1515 1075 ’Λγχίσην
1552 1028 1594 1066 ἐκ
1631 1032 1697 1073 τῆς

476 1099 617 1143 πόλεως
655 1100 846 1151 suspicor:
886 1100 951 1139 sed
989 1102 1093 1139 totus
1132 1100 1195 1139 hic
1222 1101 1327 1139 locus
1355 1100 1451 1139 1111111
1476 1114 1496 1139 e
1525 1101 1699 1151 margine

474 1175 517 1212 111
559 1175 782 1212 contextum
824 1173 1019 1224 irrepsisse
1062 1174 1231 1211 videtur:
1277 1175 1359 1224 agit
1403 1173 1611 1225 Dionysius
1653 1176 1700 1213 de

475 1246 685 1285 Penatibus
728 1259 852 1297 neque
894 1246 1008 1284 ullius
1051 1246 1237 1284 momenti
1279 1248 1353 1285 est'
1378 1249 1507 1286 utrum
1549 1247 1700 1287 Aeneas

476 1322 626 1371 patrem
664 1333 816 1370 quoque
853 1319 1060 1358 servaverit
1097 1332 1237 1358 necne:
1268 1322 1309 1357 at
1336 1320 1521 1370 magistro
1550 1321 1699 1360 cuidam

477 1393 570 1432 haec
607 1392 752 1443 legenti
791 1405 872 1430 non
906 1392 1157 1431 suffecerunt:
1187 1392 1230 1430 in
1259 1393 1432 1443 margine
1460 1394 1506 1432 de
1535 1408 1602 1432 suo
1631 1395 1699 1433 ad-

477 1465 630 1516 scripsit
657 1466 865 1510 κομίσοιντοι
896 1464 959 1503 τὸν
992 1464 1183 1512 Ἀγχίσην
1212 1466 1253 1503 ἐκ
1284 1471 1350 1509 τῆς
1380 1465 1541 1508 πόλεωςε
1569 1469 1701 1517 postea

478 1539 670 1588 Ἀγχίσην
703 1538 802 1577 male
830 1538 973 1577 lectum
1001 1538 1043 1576 in
1074 1538 1222 1577 Αἰνείαν
1250 1538 1356 1577 abiit.
1414 1538 1505 1578 Non
1534 1540 1702 1591 genuina

479 1613 572 1650 haec
609 1612 726 1650 verba
765 1625 845 1649 esse
881 1611 1029 1649 indicat
1065 1624 1216 1662 quoque
1254 1613 1464 1650 structura:
1496 1612 1702 1663 Dionysius

479 1685 582 1723 enim
611 1684 844 1734 scripsisset:
876 1684 1025 1722 Αἶνείοιν
1056 1712 1064 1721 .
1083 1712 1091 1721 .
1112 1713 1120 1722 .
1138 1683 1310 1732 οἴχεσθαί
1335 1699 1377 1722 τε
1402 1685 1464 1722 καὶ
1492 1686 1702 1730 κομίσαντα

478 1758 540 1796 τὸν
572 1757 764 1806 Ἀγχίσην
796 1757 836 1795 ἐκ
865 1761 931 1801 τῆς
962 1755 1101 1799 πόλεως
1129 1757 1246 1796 ἐλθεῖν
1270 1756 1417 1804 ἄγονται
1443 1758 1493 1801 εἷς
1521 1759 1703 1798 Ἰταλίαν.

480 1831 567 1869 Mea
604 1830 726 1885 igitur
763 1829 955 1868 sententia
992 1831 1096 1867 totus
1126 1830 1231 1868 locus
1261 1831 1313 1868 sic
1340 1831 1597 1869 restituendus
1625 1833 1703 1870 est:

479 1902 726 1950 ἁλισκομένης
766 1902 802 1940 δὲ
844 1907 908 1946 τῆς
949 1903 1049 1940 κάτω
1095 1902 1235 1945 πόλεως
1265 1904 1325 1941 τὸν
1355 1904 1504 1942 Αἰνείαν
1534 1905 1704 1952 καρτερὸν

479 1980 546 2020 τῆς
595 1973 713 2023 ἄκροις
763 1973 959 2020 γενόμενον
1003 1972 1150 2021 ἄραντα
1193 1973 1232 2011 ἐκ
1276 1978 1345 2012 τῶν
1383 1975 1527 2013 ἀδύτων
1569 1976 1620 2014 τοὶ
1662 1990 1704 2014 τε

479 2049 559 2096 ἱεροὶ
597 2052 666 2087 τῶν
706 2046 888 2094 μεγάλων
926 2047 1010 2086 θεῶν
1044 2047 1106 2084 καὶ
1137 2044 1223 2094 ὅπερ
1253 2048 1304 2085 ἔτι
1336 2053 1460 2095 περιῆν
1491 2049 1705 2087 Παλλάδιον

481 2120 654 2170 οἴχεσθαί
682 2133 724 2158 τε
753 2119 816 2158 καὶ
847 2120 964 2158 ἐλθεῖν
993 2119 1044 2162 εἷς
1070 2118 1254 2158 Ἰταλίαν.

538 2265 633 2317 Pag.
653 2265 743 2304 174.
776 2264 838 2303 καὶ
865 2262 958 2304 εἶναι
983 2268 1089 2304 τοῦτο
1115 2266 1155 2317 (1.
1182 2280 1214 2305 e.
1241 2266 1282 2305 τὸ
1309 2252 1536 2316 Ποιλλάδιον)
1569 2296 1577 2306 .
1595 2297 1603 2305 .
1624 2297 1633 2306 .
1650 2282 1707 2306 κε-

483 2338 689 2389 κρυμμένον
715 2339 751 2377 ἐν
781 2338 963 2387 amaia-cp.
1007 2339 1098 2378 Non
1129 2340 1241 2378 credo
1264 2339 1470 2378 Arctinum
1494 2341 1707 2380 narravisse

483 2413 699 2452 Palladium
731 2412 894 2450 celatum
924 2426 1003 2450 esse
1033 2413 1074 2450 in
1103 2413 1188 2450 loco
1217 2412 1283 2462 qui
1311 2412 1406 2450 adiri
1432 2426 1511 2451 non
1534 2415 1705 2464 poterat:

483 2486 568 2539 quis
606 2486 709 2524 enim
746 2499 790 2525 eo
830 2485 1007 2525 tulisset?
1050 2485 1217 2524 Deorum
1245 2485 1446 2525 simulacra
1474 2486 1600 2539 posita
1628 2500 1708 2527 esse
