2096 3127
918 383 967 421 13

313 502 318 503 ⁷
377 506 472 557 Pag.
502 506 590 545 132.
633 504 695 545 καὶ
735 509 861 552 γαμεῖ
896 506 962 550 την
996 504 1204 549 παιδίσκην.
1257 504 1386 556 Vulgo
1423 502 1546 543 Attici

323 592 451 619 servas
479 581 519 618 ei:
545 579 760 619 meretrices
789 577 993 622 παιδίσκας
1023 578 1293 630 appellabant:
1318 578 1364 617 de
1387 578 1523 629 puellis
1536 607 1545 625 ,

323 653 536 704 virginibus
559 653 768 692 ufebanssur
790 652 975 691 vocabulo
1001 651 1095 700 κόρη.
1134 651 1341 703 Dionysius
1364 653 1546 690 consizan-

322 727 381 764 ter
417 726 596 771 παιδίσκη
635 725 774 772 habet,
814 725 929 764 efiam
974 738 1060 764 cum
1098 738 1221 764 sermo
1250 725 1309 764 est
1336 725 1382 763 de
1409 724 1548 775 puellis

323 798 503 848 ingenuis
531 799 571 836 et
603 797 795 844 honesffis,
836 812 871 836 v.
902 812 933 836 c.
964 799 1010 836 de
1038 798 1199 836 Lavinia
1221 799 1326 848 (pag.
1356 798 1473 848 176),
1502 797 1549 834 de

324 871 432 910 Rhea
456 870 574 910 Silvia
597 871 699 922 (pag.
719 871 814 917 195,
843 870 911 909 ubi
933 871 976 909 in
1001 871 1176 921 margine
1205 870 1439 920 adscriptum
1465 870 1548 908 erat

325 947 389 986 τῆς
422 943 543 991 κόρης,
573 943 675 993 quod
703 943 745 981 in
774 944 921 981 textum
951 945 1167 993 receptum,
1196 944 1297 981 recte
1321 956 1343 980 a
1372 941 1543 980 Bueche-

323 1018 403 1057 lero
431 1016 592 1056 eiec‘cum
621 1017 714 1068 est),
742 1016 788 1054 de
810 1015 988 1067 Virginia
1018 1018 1123 1067 (pag.
1142 1016 1275 1067 2248).

380 1163 582 1213 Pag.-140.
613 1161 689 1201 εἴτε
718 1166 787 1200 τῶν
818 1162 1034 1208 ὁμοσκήνων.
1067 1161 1264 1208 ὄμόσκηνος
1293 1163 1352 1200 est
1381 1161 1546 1200 recenti-

327 1236 403 1275 oris
440 1236 596 1281 ae‘caffis3
636 1237 802 1282 veheres,
842 1235 1103 1286 Thucydides,
1145 1234 1363 1286 Xenophon
1400 1235 1548 1273 habent

327 1308 522 1355 σύσκηνος,
563 1321 594 1347 c.
620 1321 657 1360 g.
697 1308 815 1347 Thuc.
844 1307 946 1356 VH,
979 1308 1040 1347 75.
1067 1312 1136 1347 τῶν
1173 1323 1213 1348 τε
1244 1308 1427 1354 συσκήνων
1457 1308 1547 1347 dm·

328 1382 436 1422 όντων
478 1383 828 1431 ἐκκρεμαννύμενοι,
873 1382 1051 1433 Xenoph.
1102 1382 1240 1433 Cyrop.
1278 1383 1340 1428 H,
1384 1384 1428 1428 2,
1471 1383 1543 1420 29:

327 1454 553 1499 ἀκούσαντες
584 1458 712 1494 ταῦτα
740 1456 771 1495 οἱ
800 1455 969 1501 σύσκηνοι
1000 1454 1279 1504 προσέβλεψαν.

381 1601 475 1652 Pag.
508 1602 596 1641 141.
626 1601 774 1650 ἔχοντες
813 1602 896 1645 τοὺς
940 1602 1148 1650 στεφάνους
1193 1603 1274 1649 περὶ
1318 1603 1380 1641 τὸν
1416 1602 1545 1649 βωμὸν

327 1673 499 1718 ἔστησαν.
543 1674 614 1713 His
643 1675 767 1712 verbis
794 1674 1001 1724 Dionysius
1029 1674 1129 1712 idem
1157 1674 1303 1713 indicat
1332 1675 1435 1725 quod
1470 1674 1545 1713 alio

325 1747 409 1785 loco
434 1747 659 1798 exprimitur
681 1760 750 1798 per
773 1747 1068 1793 ἐστεφανωμένοι
1096 1748 1174 1794 περὶ
1202 1746 1263 1785 τὸν
1287 1748 1416 1795 βωμὸν
1440 1746 1546 1792 ἔστη·

326 1834 408 1859 σαν.
453 1819 550 1859 Oum
579 1822 706 1859 autem
735 1834 857 1871 neque
884 1820 1021 1871 quibus
1050 1834 1173 1872 neque
1194 1808 1370 1872 qualibus
1395 1821 1545 1861 coronis

325 1893 491 1932 redimiti
527 1895 654 1931 esseni:
679 1893 832 1932 Aeneae
859 1894 951 1932 socii
988 1894 1198 1940 indicetur,
1228 1894 1432 1932 arficulum
1460 1896 1544 1938 τούς

326 1966 529 2004 delendum
558 1979 705 2005 censeo.
762 1965 908 2005 Eodem
937 1967 1050 2005 modo
1079 1967 1251 2005 camillae
1279 1967 1394 2005 sacris
1417 1967 1545 2006 adesse

326 2038 507 2077 dicuntur
544 2039 648 2089 (pag.
676 2040 770 2089 280)
810 2039 1006 2084 στεφάνοις
1048 2041 1296 2084 κοσμούμεναι
1325 2040 1394 2082 τὰς
1424 2044 1544 2087 κεφα-

325 2110 398 2154 λὰς
428 2110 494 2149 ubi
523 2111 657 2162 procul
685 2111 801 2150 dubio
831 2112 1102 2157 κεκοσμημέναι
1131 2111 1335 2162 legendum
1364 2113 1433 2150 est.

380 2256 473 2307 Pag.
493 2256 580 2294 144.
612 2257 749 2295 αὐτίκα
774 2257 854 2304 περὶ
880 2257 945 2301 την
970 2258 1206 2302 κατασκευὴν
1229 2261 1293 2296 τοῦ
1310 2259 1544 2306 πολίσματος

328 2329 459 2378 ἁπάσῃ
507 2329 688 2380 προθυμίᾳ
735 2328 892 2377 ὥρμητο.
949 2330 1121 2369 Primum
1165 2331 1445 2370 emendandum
1488 2335 1547 2372 est

326 2400 467 2450 ὥρμητο
503 2402 938 2453 plusquamperfechum,
978 2404 1038 2442 cui
1076 2404 1204 2442 nullus
1240 2405 1345 2443 locus
1372 2404 1436 2443 hic
1465 2407 1544 2453 est,

326 2476 365 2513 ei]
390 2474 632 2513 scribendum
661 2477 960 2522 &patin-ossicut-
987 2477 1157 2527 sequiizur
1180 2476 1379 2523 ἐλάμβανέ
1407 2493 1448 2517 τε
1479 2493 1544 2518 κα-

326 2545 626 2590 ταθέων-ὅποσα
657 2549 708 2591 εἰς
738 2550 799 2588 τὸν
829 2550 1009 2597 πολισμὸν
1043 2551 1142 2599 αὐτῷ
1170 2548 1209 2596 ἦν
1232 2551 1416 2602 χρήσιμα.
1446 2552 1544 2593 Tum
