2096 3127
1118 279 1193 318 667

529 397 696 448 primum
735 396 911 434 senatum
954 394 1233 431 convocassent
1264 392 1397 431 habita
1425 393 1586 443 legiturz
1617 393 1648 432 εἰ
1676 393 1753 441 γαρ

530 470 570 508 ἐκ
612 472 681 507 τῶν
719 466 926 515 γεγονότων
963 465 1016 504 τοὶ
1053 464 1245 511 μέλλοντα
1285 464 1432 504 ἔσεσθαι
1472 465 1658 511 βούλεταί
1696 480 1752 509 τις

529 538 712 589 εἷκοὶζειν,
751 539 868 581 πολὺς
896 538 912 576 ὅ
942 537 1045 584 μετα
1072 539 1199 576 τοῦτον
1229 535 1335 576 ἔσται
1366 534 1521 588 χρόνος,
1551 537 1588 576 ἐν
1615 533 1640 586 ᾧ
1670 537 1752 586 περὶ

529 612 668 656 οὐδενὸς
697 616 768 650 τῶν
796 614 916 650 κοινῶν
946 609 1240 656 συνελευσόμεθα
1268 609 1566 656 βουλευσόμενοι.
1619 609 1660 648 Si
1684 623 1753 648 ne-

530 684 636 736 gatio
675 683 918 723 antecederet
956 683 1058 721 recte
1095 695 1135 721 se
1170 681 1358 721 haberent
1393 681 1474 731 περὶ
1514 681 1652 726 οὐδενὸς
1683 686 1754 722 τῶν

531 762 673 802 κοινῶν,
713 758 759 794 ut
795 757 921 794 exstat
956 767 1045 806 pag.
1075 755 1199 793 2205:
1239 755 1303 793 ἐὰν
1341 755 1416 803 γαρ
1455 754 1755 802 ὑπερβαλώμεθα

532 833 660 870 τοῦτον
697 830 759 869 τὸν
797 828 920 877 καιρὸν
958 828 1078 867 οὐκέτι
1110 827 1323 873 συναξουσιν
1356 829 1456 874 ἡμᾶς
1487 829 1517 867 οἱ
1547 826 1638 867 δέκα
1667 827 1756 874 βου-

533 902 772 948 λευσομένους
813 901 900 948 ὑπὲρ
934 900 1086 942 οὐδενός.
1145 900 1263 939 Nulla
1292 901 1420 938 autem
1449 900 1656 950 negatione
1685 914 1756 938 an-

533 974 752 1020 tecedente,
800 973 927 1011 locum
970 985 1050 1010 esse
1092 972 1278 1010 vocabulo
1321 971 1459 1015 οὐδενός
1498 986 1579 1011 non
1621 973 1733 1012 credo
1747 1002 1756 1020 ‚

533 1048 648 1098 idque
691 1060 737 1085 ex
780 1045 960 1096 analogia
1002 1044 1076 1083 loci
1119 1044 1226 1082 citati
1268 1045 1317 1082 ab
1354 1045 1482 1096 aliquo
1519 1045 1644 1083 scriba
1682 1045 1757 1084 huc

532 1120 810 1170 interpolatum
849 1131 930 1157 esse
966 1117 1153 1156 existimo.
1212 1117 1298 1155 Mea
1334 1117 1454 1166 igitur
1482 1118 1673 1155 sententia
1701 1119 1756 1156 le-

534 1191 703 1243 gendum
732 1192 791 1229 est
820 1190 855 1228 ἐν
885 1187 910 1238 ᾧ
941 1189 1022 1237 περὶ
1051 1193 1121 1227 τῶν
1144 1190 1265 1228 κοινῶν
1287 1189 1580 1236 συνελευσόμεθα
1604 1190 1757 1236 βουλευ-

535 1265 691 1312 σόμενοι.
736 1287 785 1292 -
843 1263 892 1302 In
933 1263 1064 1301 eadem
1107 1262 1280 1301 oratione
1317 1275 1405 1313 pag.
1433 1263 1539 1302 2183
1576 1262 1756 1302 Claudius

533 1336 664 1388 Appio
691 1335 826 1374 suadet
852 1336 898 1372 ut
924 1333 1174 1385 ofigarchiam
1204 1334 1337 1372 tollat:
1367 1337 1431 1373 τοῦ
1461 1335 1498 1373 δὲ
1528 1335 1757 1382 πολιτεύμα-

532 1423 593 1452 τος
633 1407 763 1448 τούτου
805 1411 944 1456 πρῶτον
980 1405 1103 1453 οἴομαι
1143 1407 1214 1445 δεῖν
1252 1406 1362 1455 ἄρξαι
1401 1407 1464 1454 σε’,
1506 1408 1569 1447 καὶ
1610 1411 1755 1448 παῦσαι

532 1483 598 1525 τὴν
637 1480 706 1518 ὑπὸ
745 1482 809 1517 σοῦ
839 1478 1148 1516 κατασταθεῖσαν
1176 1478 1426 1528 ὀλιγαρχίαν,
1452 1480 1621 1527 ''Amr-15,
1655 1489 1756 1518 λυσι-

531 1558 623 1599 τελῆ
661 1552 717 1600 γε’
755 1551 835 1590 ποθ’
874 1552 961 1598 ἡμῖν
991 1550 1212 1597 γενομένην,
1245 1554 1306 1589 νῦν
1336 1551 1366 1590 δ’
1397 1552 1560 1600 ἐπαχθῆ.
1623 1553 1755 1605 Oppo-

530 1628 678 1665 nuntur
720 1625 812 1664 πότε
850 1625 890 1662 et
926 1627 1007 1669 νῦν,
1049 1637 1210 1674 sequens
1250 1624 1287 1662 δέ
1327 1625 1474 1663 indicat
1511 1626 1757 1665 antecessisse

530 1700 599 1746 μέν
611 1712 621 1746 ;
652 1711 775 1748 neque
803 1711 872 1744 γε,
904 1696 1007 1746 quod
1037 1696 1201 1735 coniecit
1227 1697 1286 1735 vir
1315 1697 1416 1735 doct.
1446 1697 1602 1744 Reiske,
1633 1712 1757 1749 neque

529 1787 572 1810 τε
614 1771 801 1808 librorum
843 1768 906 1806 hic
950 1768 1048 1806 nihil
1092 1768 1302 1819 significat,
1347 1771 1581 1820 quapropter
1622 1783 1756 1809 censeo

529 1843 736 1894 legendum
774 1855 854 1880 esse
881 1845 1062 1885 λυσιτελῆ
1092 1840 1179 1886 μέν
1209 1840 1289 1880 ποθ’
1325 1843 1412 1888 ἡμῖν
1441 1841 1661 1890 γενομένην,
1693 1847 1754 1882 νῦν

531 1916 564 1957 δ’
596 1916 763 1965 ἐπαχθῆ.

587 2062 681 2111 Pag.
709 2061 827 2099 2222.
881 2059 963 2098 ἔνθα
1002 2061 1067 2099 οὐκ
1106 2057 1146 2104 ἦν
1175 2060 1327 2098 δυνατὸν
1356 2061 1429 2099 ἀνα
1459 2061 1589 2108 κράτος
1618 2063 1754 2103 ἐλάσαι

532 2135 594 2174 τὸν
624 2132 748 2173 ἵππον.
806 2133 901 2172 Post
928 2146 972 2172 ea
999 2146 1096 2183 quae
1125 2132 1277 2183 scripsit
1303 2133 1362 2170 vir
1385 2134 1474 2171 clar.
1502 2133 1623 2173 Cobet
1648 2135 1754 2187 (obs.

533 2207 616 2246 crit.
657 2208 696 2245 et
732 2207 929 2256 palaeogr.
958 2206 1006 2244 ad
1033 2205 1148 2244 Dion.
1178 2205 1268 2243 Hal.
1298 2205 1393 2244 Ant.
1422 2206 1533 2245 Rom.
1563 2221 1651 2260 pag.
1687 2210 1752 2259 17)

532 2279 738 2330 unicuique
780 2279 1006 2329 persuadere
1045 2279 1232 2317 voeabula
1259 2278 1321 2317 τὸν
1350 2277 1460 2318 ἵππον
1489 2280 1649 2320 delenda
1676 2296 1756 2322 csse

532 2366 613 2392 non
644 2351 797 2390 difficile
827 2351 913 2391 erit.
