2096 3127
470 670 594 723 Nuper
625 669 696 712 duo
737 668 868 721 scripta.
898 676 936 710 in
971 675 1085 709 lucem
1120 672 1328 719 prodierunt
1361 674 1403 708 de
1437 666 1594 718 Dionysii

373 761 687 799 Halicarnassensis
705 759 989 806 Antiquitatibus
1001 757 1184 801 Romanis,
1205 757 1274 793 viri
1287 757 1467 793 clarissimi
1485 757 1593 792 Cobet

373 848 410 883 et
434 846 502 883 viri
535 844 726 881 doctissimi
752 843 889 879 Garrer.
940 841 1180 878 Temerarium
1214 841 1326 888 igitur
1351 852 1423 877 esse
1449 841 1593 877 videtur

373 931 490 966 denuo
515 930 609 964 idem
633 940 721 974 opus
745 928 902 963 eiusdem
922 927 1101 972 scriptoris
1122 929 1292 968 tractare;
1319 927 1379 961 sed
1400 927 1470 961 iam
1493 929 1595 961 ante-

373 1027 480 1061 quam
511 1015 661 1050 sciebam
701 1025 806 1058 opera
842 1024 950 1058 supra
986 1012 1080 1047 dicta
1114 1012 1250 1047 editum
1291 1012 1335 1046 iri
1372 1013 1594 1058 aliquantum

370 1098 538 1145 temporis
581 1099 619 1133 in
668 1097 827 1143 Dionysii
865 1096 1151 1142 Antiquitatibus
1196 1098 1356 1132 versatus
1394 1108 1509 1139 eram3
1559 1099 1596 1132 et

373 1193 588 1228 quamquam
621 1182 735 1217 multa
770 1192 860 1227 quae
893 1183 1143 1217 annotaveram
1169 1184 1243 1215 tam
1276 1182 1330 1216 vir
1363 1182 1445 1216 clar.
1488 1183 1596 1217 Cobet

372 1277 479 1312 quam
511 1267 566 1302 vir
603 1266 693 1301 doct.
729 1266 856 1300 Garrer
888 1265 1239 1309 demonstraverunt,
1278 1267 1450 1301 nonnulla
1473 1270 1595 1301 tamen

371 1352 563 1396 supersunt
595 1361 686 1396 quae
721 1361 792 1385 non
830 1349 1026 1395 spernenda
1060 1350 1262 1393 censebam,
1288 1362 1450 1399 quaeque
1474 1351 1595 1387 sedule

372 1435 518 1470 collecta
548 1434 586 1469 in
611 1434 727 1469 lucem
753 1434 856 1469 edere
884 1445 994 1469 ausus
1018 1445 1108 1469 sum.
1158 1434 1283 1480 Neque
1308 1435 1373 1470 hoc
1397 1435 1465 1470 nisi
1490 1447 1596 1471 cunc-

371 1520 490 1553 tanter
514 1518 600 1561 feci3
628 1518 741 1553 multa¹
766 1518 862 1553 enim
887 1518 1027 1553 infirma
1052 1518 1165 1553 inesse
1186 1519 1273 1553 mihi
1295 1531 1503 1564 persuasum
1525 1522 1594 1563 est;

372 1604 409 1637 at
442 1602 723 1639 benevolentiam
757 1603 932 1638 lectorum
964 1603 1122 1638 omnium
1156 1604 1320 1649 imploro,
1347 1605 1409 1650 qui
1442 1607 1485 1640 ut
1522 1617 1594 1641 non

372 1685 464 1722 docti
491 1686 603 1732 operis
636 1686 811 1722 scribendi
843 1686 903 1721 sed
928 1686 999 1733 legi
1026 1687 1260 1723 satisfaciendi
1293 1699 1398 1724 causa
1430 1701 1486 1725 me
1512 1689 1595 1726 haec

372 1770 547 1816 scripsisse
572 1771 802 1806 recordentur
826 1782 898 1807 oro.

468 1855 681 1900 Plerumque
713 1855 866 1891 editione
901 1856 1158 1903 Kiesslingiana
1188 1869 1279 1893 usus
1312 1870 1408 1903 sum,
1433 1871 1594 1906 quaeque

371 1938 409 1974 in
433 1938 494 1974 illa
519 1938 637 1974 minus
660 1939 756 1974 recta
780 1939 866 1974 mihi
890 1939 1103 1976 videbantur
1125 1942 1310 1978 emendare
1329 1945 1475 1979 conatus
1495 1955 1593 1988 sum;

373 2023 402 2058 si
437 2023 472 2056 in
506 2023 569 2057 hoc
604 2023 762 2057 faciendo
792 2023 1000 2068 imprudens
1026 2036 1293 2071 nonnumquam
1319 2027 1450 2063 alienas
1474 2040 1595 2064 emen-

374 2106 531 2142 dationes
557 2119 619 2152 pro
647 2107 732 2142 meis
759 2108 856 2150 dedi,
884 2109 1022 2143 veniam
1052 2110 1156 2145 huius
1182 2111 1233 2145 rei
1259 2113 1350 2155 peto.
