2096 3127
854 302 900 341 71

843 433 912 472 IX.

318 543 463 594 Vergil.
492 541 591 580 Aen.
621 541 704 580 Lib.
734 540 803 580 IV.
833 539 976 579 Versus
1005 540 1083 578 412
1115 538 1297 578 delendus
1325 541 1394 578 osb.

856 665 903 704 X.

323 794 468 845 Vergil.
507 794 605 832 Aen.
645 792 728 831 Lib.
769 791 837 829 XI.
868 805 921 830 vs.
957 791 1045 830 189.
1078 791 1222 829 »cincti
1250 790 1488 841 fulgenfibus

269 866 424 905 armis.”

325 938 548 989 Legendum
578 939 655 976 esta:
688 937 882 975 »cuncbi.'’

848 1061 916 1099 XI.

326 1179 435 1217 Ovid.
466 1178 620 1217 Meizam.
651 1178 681 1217 I.
715 1179 778 1216 91.
959 1191 1056 1216 »nec
1080 1178 1195 1216 verba
1224 1178 1386 1216 minacia
1414 1178 1490 1216 fixo

689 1250 788 1289 Aere
815 1250 1080 1301 legebanssur.'’

328 1324 550 1375 Legendum
580 1325 656 1362 est:
688 1323 828 1361 »fixa.''

837 1447 926 1487 XII.

328 1554 487 1601 Caesar,
512 1555 559 1593 de
581 1555 618 1593 b.
644 1568 676 1593 e.
701 1554 762 1601 II,
793 1554 864 1601 14,
894 1554 1078 1593 l.·»alius
1098 1556 1160 1606 (ex
1183 1555 1332 1593 diutino
1348 1555 1494 1605 labore)

272 1630 314 1667 in
360 1628 452 1678 ipsis
503 1628 680 1678 operibus
718 1628 837 1678 quieti
875 1641 914 1666 se
934 1624 936 1627 ’
953 1628 1154 1666 dedisseff'.
1222 1628 1350 1666 Verba
1388 1628 1495 1666 uncis

273 1701 422 1739 inclusa
451 1700 612 1739 delenda
640 1702 741 1738 sunb.

831 1823 940 1862 XHI.

330 1930 485 1978 Caesar,
525 1932 572 1969 de
608 1932 644 1969 b.
686 1945 717 1969 e.
756 1931 839 1977 III,
878 1932 952 1976 41,
993 1932 1028 1969 5.
1059 1945 1204 1982 »parva
1232 1934 1341 1982 parte
1371 1934 1496 1971 noetis

277 2004 414 2042 itinere
448 2004 665 2042 intermisso
694 2017 807 2042 mane
833 2003 1115 2054 Dyrrhachium
1144 2005 1288 2042 veniff.
1345 2005 1495 2055 Legen-

255 2116 258 2119 ,
279 2077 370 2115 dum
398 2078 475 2115 essa:
507 2077 581 2114 »ad
609 2076 891 2126 Dyrrhachium
920 2076 1064 2115 venifi’.

836 2200 943 2239 XIV.

333 2307 483 2353 Livius,
522 2307 588 2345 lib.
629 2307 776 2353 XXVI,
818 2321 900 2357 cap.
931 2307 1010 2353 VI,
1041 2309 1062 2357 ξ
1093 2310 1116 2346 3
1147 2309 1292 2346 »altera
1320 2309 1362 2346 111
1391 2310 1499 2358 parte

282 2381 492 2419 castrorum
531 2379 608 2417 iam
644 2378 800 2430 impulsi
837 2380 949 2418 erant
983 2378 1209 2431 Campani”.
1277 2380 1499 2431 Legendum

280 2453 358 2492 osia:
388 2451 490 2489 »iam
517 2451 620 2501 pulsi
647 2451 795 2490 eraniz'ss
