2096 3127
1067 342 1114 380 18

477 465 576 511 τρὸς,
607 467 737 509 Ρώμην
765 464 795 502 δ’
822 465 895 512 ἀφ’
923 466 1055 503 ἑαυτοῦ
1087 465 1256 516 (κτίσαι).
1309 465 1451 503 Mirum
1475 466 1571 504 mihi
1594 466 1699 505 vide-

476 539 540 576 tur
576 538 736 577 nomina
774 536 925 582 Κάπυος
963 540 1003 578 et
1039 538 1226 587 Ἀγχίσου
1256 538 1448 589 adscripta
1476 552 1556 578 esse
1584 553 1698 579 voca-

475 611 575 649 bulis
616 610 844 658 προπάππου
887 613 926 650 et
966 611 1217 659 προπάτορος,
1261 612 1351 661 post
1392 611 1557 658 πατρὸς,
1597 612 1699 662 quod

476 685 719 734 exspectatur
759 683 899 722 Αἰνείου
937 697 1018 722 non
1058 683 1175 734 sequi.
1233 682 1330 722 Cum
1372 684 1500 722 autem
1527 683 1604 721 iam
1632 696 1700 733 per

476 757 537 795 tot
564 756 691 807 capita
718 755 760 794 in
789 755 949 795 historia
977 755 1130 794 Aeneae
1158 757 1197 794 eb
1224 755 1383 795 Ascanii
1411 756 1450 793 ek
1475 754 1586 794 Remi
1614 768 1699 793 ver-

476 841 603 867 semur
641 842 721 867 non
758 842 911 867 neccsse
943 830 1002 867 est
1027 828 1168 866 iterum
1197 828 1395 867 admoneri
1423 842 1536 867 avum
1565 828 1698 875 Remi,

475 914 589 952 quem
617 901 798 940 nonnulli
826 901 984 939 frahrem
1008 900 1166 939 Ascanii
1191 902 1354 951 putam,
1378 914 1458 939 esse
1481 900 1696 947 Anchisen,

475 987 660 1026 proavum
687 972 838 1025 Capyn.
896 972 1047 1017 Κάπυος
1086 974 1126 1011 et
1163 973 1352 1021 Ἀγχίσου
1391 974 1441 1012 ob
1470 974 1540 1013 has
1569 987 1700 1013 causas

474 1047 516 1085 in
545 1046 759 1098 marginem
787 1047 890 1084 unde
918 1047 1180 1097 provenerunt
1207 1046 1398 1085 reicienda
1427 1060 1574 1086 censeo.

528 1163 622 1215 Pag.
651 1164 740 1203 186.
795 1163 913 1203 Recte
964 1163 1191 1214 Sylburgius
1233 1162 1330 1201 vidit
1371 1163 1578 1214 legendum
1620 1178 1700 1203 esse

476 1236 628 1275 παλαιά
681 1250 738 1278 τις
787 1237 993 1283 εὑρίσκεται
1037 1237 1100 1274 καὶ
1145 1240 1366 1284 προτεροῦσα
1415 1238 1485 1275 τῶν
1531 1242 1698 1285 Τρωικῶν

472 1309 611 1359 χρόνων
650 1310 771 1356 Ῥώμη
811 1323 882 1360 pro
923 1311 942 1355 ἡ
981 1310 1126 1360 Ῥώμη,
1166 1310 1240 1348 nisi
1277 1310 1377 1348 forte
1411 1310 1486 1348 dici
1522 1311 1645 1361 possiss
1681 1312 1697 1350 ὁ

472 1384 561 1432 άνήρ
598 1398 671 1427 τις.
730 1383 900 1422 Tantum
937 1382 1075 1432 χρόνων
1113 1383 1316 1422 delendum
1355 1396 1511 1431 censeo,
1546 1385 1591 1422 ut
1618 1397 1698 1423 em-

445 1473 455 1483 ·
473 1457 623 1502 blema3
661 1456 846 1507 scripssum
884 1456 988 1494 enim
1026 1458 1084 1494 est
1121 1457 1251 1508 paullo
1280 1457 1370 1495 anbe
1399 1457 1524 1504 ὀλίγον
1552 1456 1698 1505 ὕστερον

476 1535 546 1570 τῶν
573 1532 742 1578 Τρωικῶν
772 1529 970 1586 γενομένην
998 1531 1037 1568 ef,
1065 1529 1119 1568 sic
1148 1529 1283 1569 Graeci
1310 1530 1577 1581 loquebantur.

528 1649 622 1700 Pag.
650 1649 739 1687 190.
785 1647 820 1685 ἐν
858 1643 908 1690 οἷς
947 1647 1096 1695 εὑρίσκω
1138 1646 1289 1695 δευτέρῳ
1331 1646 1501 1695 πρότερον
1529 1643 1601 1684 ἔτει
1631 1650 1698 1690 τῆς

474 1721 645 1765 ἁλώσεως
689 1720 840 1767 τίμησιν
885 1719 953 1758 ὑπὸ
995 1722 1059 1758 τοῦ
1106 1720 1283 1766 Ρωμαίων
1327 1720 1442 1766 δήμου
1483 1717 1697 1767 γενομένην.

472 1794 697 1834 Rectissime
721 1793 789 1832 ὑπὸ
814 1793 965 1831 tollitur
988 1807 1011 1831 a
1037 1793 1118 1830 viro
1143 1794 1232 1831 clar.
1262 1793 1421 1843 Madvig
1436 1791 1551 1844 (Adv.
1569 1790 1662 1831 crit.
1678 1790 1698 1829 Ι

473 1879 561 1918 pag.
589 1866 705 1917 725),
721 1865 899 1916 ,populus
924 1865 1027 1903 enim
1051 1878 1206 1903 censum
1226 1878 1307 1904 non
1322 1865 1441 1904 habet
1455 1867 1497 1904 at
1510 1877 1697 1904 censores.

528 2003 622 2054 Pag.
650 2003 739 2042 196.
786 2003 872 2049 πρὸς
907 2001 969 2040 τὸν
997 2001 1263 2048 ἐμβατεύοντα
1292 2002 1342 2050 τῷ
1376 2001 1494 2051 χωρίῳ
1524 2001 1695 2049 δαίμονα.

473 2076 644 2115 Verbum
674 2074 876 2123 ἕμβατεύω
905 2075 1068 2126 legimus
1095 2075 1137 2113 in
1165 2073 1304 2114 Aesch.
1334 2075 1436 2114 Pers.
1471 2089 1526 2114 vs.
1558 2076 1658 2115 447:

637 2149 741 2194 νῆσός
772 2163 827 2192 τις
858 2148 936 2186 ἐστὶ
967 2147 1100 2196 πρόσθε
1131 2152 1348 2195 Σαλαμῖνος
1378 2147 1520 2195 τόπων,

636 2221 762 2268 βαιοὶ,
793 2220 967 2269 δύσορμος
997 2220 1146 2269 ναυσὶν,
1176 2219 1218 2266 ἣν
1246 2219 1262 2259 ὃ
1292 2219 1493 2270 φιλόχορος

637 2296 720 2334 Πᾶν
749 2293 968 2341 ἐμβατεύει.

472 2370 515 2409 in
543 2369 676 2421 Eurip.
706 2367 821 2407 Rhes.
852 2381 907 2406 vs.
940 2367 1041 2406 224:

640 2442 840 2490 Θυμβραῖε
871 2441 933 2480 καὶ
964 2440 1085 2480 Δάλιε
1115 2440 1178 2479 καὶ
1209 2438 1356 2485 Λυκίας

639 2515 723 2555 ναὸν
750 2514 984 2564 ἐμβατεύων.
