2096 3127
909 311 959 364 23

324 448 499 494 δοκήτΩς
542 450 760 489 ἐπιτίθεται.
820 448 882 488 Sic
921 449 980 486 vir
1027 449 1128 487 doct.
1162 449 1357 500 Kiessling
1405 449 1542 487 edidit:

322 522 366 560 in
404 523 653 561 adnotatione
691 522 822 561 critica
860 521 1154 570 »ἀπροσδόκητος
1182 522 1339 560 malim'’
1368 522 1543 572 legimus.

286 628 287 631 ,
323 593 514 634 Neutrum
544 595 691 646 placet3
719 594 926 645 legendum
953 595 1012 632 est
1039 595 1100 633 καὶ
1131 594 1462 644 ἀπροσδόκητΟΙς,
1500 595 1546 631 ut

323 666 563 719 Thucydides
603 667 680 720 (Π,
722 667 790 719 93)
826 667 869 705 in
905 667 976 705 tali
1008 680 1049 705 re
1087 667 1240 718 scripsit
1263 668 1328 712 τήν
1357 669 1390 706 τ’
1421 666 1544 712 ἄλλην

325 747 533 788 Σαλαμῖνα
570 740 853 789 ἀπροσδοκήτοις
893 740 1130 784 ἐπιπεσόντες
1171 740 1334 789 ἐπόρθουν
1371 742 1411 779 et
1445 739 1544 786 VII,

326 814 376 853 29
406 813 641 864 ἀφυλάκτοις
671 816 706 853 τ’
735 815 916 854 ἐπιπεσὼν
947 815 1010 854 καὶ
1042 815 1336 864 ἀπροσδοκήτοις.

379 921 473 980 Pag.
493 922 582 962 315.
612 922 814 970 μέλλοντες
841 923 992 972 ἐξάγειν
1019 925 1049 963 οἱ
1083 923 1239 971 Σαβῖνοι
1268 923 1339 966 τοὶς
1368 922 1543 971 δυνάμεις

324 995 490 1042 ἔγνωσαν
513 997 737 1036 ἀποστεῖλαι
763 998 967 1045 πρεσβείαν
992 999 1131 1045 πρῶτον
1155 1000 1201 1041 ὥς
1222 998 1307 1040 τοὺς
1331 999 1545 1043 πολεμίους.

326 1064 486 1108 »Sabini
525 1083 610 1108 cum
652 1070 695 1108 in
741 1083 785 1109 eo
823 1073 950 1109 essent
987 1073 1032 1109 ut
1069 1071 1276 1110 exercitum
1320 1071 1543 1116 educerent,

325 1143 439 1179 antea
461 1143 693 1192 legationem
717 1143 765 1181 ad
789 1143 917 1182 hostes
941 1144 1092 1182 mittere
1116 1143 1373 1182 statuerunt.’'
1411 1142 1546 1193 Neque

325 1214 462 1254 Latine
499 1215 666 1266 primum
704 1229 828 1266 neque
865 1216 1006 1255 Graece
1044 1221 1182 1264 πρῶτον
1219 1217 1261 1255 in
1297 1216 1365 1254 tali
1402 1229 1443 1255 re
1471 1215 1545 1254 dici

326 1289 474 1338 potest;
504 1288 670 1327 Romani
697 1289 877 1328 dicebant
900 1290 1026 1340 prius,
1051 1289 1185 1329 Graeci
1209 1290 1377 1337 πρότερον
1406 1289 1446 1341 (i.
1463 1303 1494 1328 e.
1524 1289 1543 1333 ἢ

325 1362 396 1404 τὰς
427 1362 600 1408 δυνάμεις
642 1362 819 1413 ἐξάγειν).
877 1363 994 1401 Recte
1022 1375 1111 1413 pag.
1129 1363 1208 1400 410
1241 1362 1403 1412 legitur:
1433 1363 1544 1405 αὐτὸς

325 1437 432 1473 τοῦτο
461 1439 610 1478 ποιῆσαι
642 1435 811 1482 πρότερος
839 1434 945 1482 ἔγνω.

380 1543 474 1595 Pag.
503 1544 592 1583 320.
631 1544 696 1588 τὴν
735 1544 772 1582 δὲ
810 1543 1005 1593 Τάρπειαν
1042 1545 1087 1588 ὡς
1125 1545 1175 1584 τά
1211 1546 1298 1592 παρ’
1329 1545 1444 1590 αὑτῆς
1475 1544 1545 1584 ὅσα

326 1617 490 1656 συνέθετο
529 1617 818 1665 παρεσχημένην
856 1616 981 1661 ἀξιοῦν
1019 1617 1103 1660 τοὺς
1132 1617 1291 1664 μισθούς.
1325 1617 1544 1666 παρέχομαι

327 1691 377 1730 τὰ
407 1692 495 1738 παρ’
525 1692 614 1737 ἐμοῦ
643 1690 744 1728 idem
774 1690 967 1740 significat
994 1703 1038 1729 ac
1067 1690 1284 1739 παρέχομαι
1308 1688 1378 1729 ὅσα
1403 1690 1545 1729 συνεθέ-

327 1776 422 1810 μηνε
451 1762 570 1813 igitur
598 1764 666 1801 aut
694 1763 743 1800 τοὶ
772 1763 859 1810 παρ’
888 1763 1001 1806 αὐτῆς
1032 1764 1100 1801 aut
1127 1760 1194 1801 ὅσα
1225 1763 1390 1801 συνέθετο
1418 1763 1542 1801 abun-

326 1837 403 1876 dat.
447 1835 564 1874 Deleo
594 1833 661 1873 ὅσα
694 1835 877 1886 συνέθετο,
907 1835 1009 1885 quod
1038 1835 1203 1886 explicat
1230 1835 1281 1874 τα
1309 1835 1395 1884 παρ’
1425 1835 1540 1880 αὐτῆς

325 1912 364 1948 et
389 1924 409 1948 e
439 1909 612 1959 margine
642 1908 738 1947 falso
766 1909 808 1946 in
837 1910 984 1946 textum
1012 1910 1207 1959 receptum
1235 1912 1302 1947 est.

379 2019 472 2069 Pag.
491 2019 580 2058 322.
611 2017 749 2057 πολλαὶ
785 2018 853 2064 μὲν
881 2016 940 2057 οὖν
967 2019 1086 2057 αὐτῶν
1118 2018 1471 2065 ἐγίγνοντο-πεῖραί
1499 2033 1542 2057 τε

328 2092 389 2131 καὶ
429 2091 657 2138 συμπλοκαὶ’
683 2090 766 2130 οὔτε
801 2092 852 2130 τοὶ
890 2092 1163 2138 κατορθώματα
1191 2091 1353 2138 μεγάλα
1384 2091 1542 2140 ἑκατέρῳ

327 2165 503 2214 φέρουσαι
542 2168 612 2202 τῶν
640 2163 932 2212 στρατευμάτων
967 2165 1050 2202 οὔτε
1080 2165 1132 2202 τα
1161 2165 1396 2212 σφάλματα.
1439 2164 1545 2202 Libri

327 2238 473 2277 dabant
509 2239 592 2277 οὔτε
621 2236 1013 2283 κατορθώματα-οὔτε
1052 2237 1103 2275 τὰ
1129 2237 1370 2285 σφάλματα,
1403 2238 1543 2276 arficu-

326 2312 406 2351 lum
431 2311 578 2350 addidit
599 2309 847 2356 Ambrosius3
871 2311 1041 2361 praestat
1063 2310 1183 2349 altero
1212 2324 1361 2361 quoque
1383 2311 1544 2349 articulo

327 2385 450 2424 deleto
479 2384 604 2433 legere
633 2383 716 2422 οὔτε
744 2382 1140 2433 κατορθώματα·οὔτε
1169 2383 1405 2432 σφάλματα.

382 2493 474 2544 Pag.
493 2494 582 2532 326.
616 2493 815 2543 Originem
843 2494 1011 2532 nominis
1039 2493 1161 2532 Lacus
1189 2492 1311 2532 Curtii
1339 2494 1545 2546 Dionysius
