2096 3127
804 797 1040 841 LIBER
1088 796 1444 840 DECIMUS.

566 1054 659 1104 Pag.
690 1054 806 1092 1989.
852 1052 1136 1099 συναγαγόντες
1177 1052 1213 1090 δὲ
1256 1052 1298 1090 τὸ
1335 1053 1473 1096 πλῆθος
1507 1053 1557 1095 εἰς
1587 1054 1652 1096 τὴν
1680 1055 1737 1091 ὲκ-

511 1125 671 1170 κλησίαν
715 1124 921 1174 ὑπέσχοντο
963 1125 1014 1172 τῷ
1058 1125 1160 1171 δήμῳ
1203 1122 1309 1170 νόμον
1353 1124 1518 1163 εἰσοίσειν
1561 1123 1649 1172 ὑπὲρ
1689 1122 1735 1163 ὧν

512 1197 646 1243 ἠξίουν.
702 1198 762 1236 Ex
800 1198 885 1236 aliis
923 1198 1017 1235 locis
1054 1197 1231 1247 Dionysii
1268 1199 1429 1247 apparess
1460 1211 1547 1235 eum
1575 1198 1737 1236 scribere

511 1271 631 1308 solere
672 1270 848 1316 συνάγειν
886 1272 954 1308 aut
991 1274 1118 1307 καλεῖν
1155 1271 1205 1312 εἰς
1246 1270 1446 1313 ἐκκλησίαν
1475 1270 1615 1308 omisso
1642 1270 1736 1307 arfi-

510 1343 617 1389 culo,
659 1356 690 1380 e.
717 1355 755 1393 g.
786 1355 874 1393 pag.
905 1342 1030 1380 1110:
1059 1341 1226 1384 καλέσαις
1255 1341 1331 1388 γάρ
1360 1342 1411 1384 εἰς
1441 1342 1643 1386 ἐκκλησίαν
1672 1341 1734 1380 τὸν

513 1417 627 1462 δῆμον
666 1415 701 1453 ἐν
744 1417 795 1462 τῷ
835 1414 902 1462 πρὸ
941 1419 1007 1458 τῆς
1038 1414 1178 1453 πόλεως
1208 1414 1344 1462 πεδίῳ,
1373 1426 1461 1465 pag.
1480 1415 1605 1453 2024:
1636 1416 1666 1453 οἱ
1696 1415 1734 1453 δὲ

510 1489 696 1537 δήμαρχοι
741 1488 1086 1537 προσκαλεσάμενοι
1115 1487 1177 1526 τὸν
1205 1487 1317 1535 δῆμον
1347 1488 1397 1531 εἷς
1427 1488 1627 1533 ἐκκλησίαν
1655 1487 1735 1527 ἔλε-

509 1578 595 1611 γον,
634 1576 724 1614 pag.
758 1564 885 1601 2034:
926 1562 1152 1608 συναγαγὼν
1189 1561 1230 1600 τὸ
1269 1562 1404 1606 πλῆθος
1444 1562 1495 1603 εἷς
1533 1561 1734 1605 ἐκκλησίαν

509 1634 634 1681 εἶπεν,
673 1648 762 1687 pag.
790 1636 917 1674 2037:
956 1634 1186 1680 συναγαγὼν
1222 1633 1258 1672 δὲ
1287 1633 1349 1671 τὸν
1377 1634 1490 1680 δῆμον
1517 1634 1569 1672 εἰς
1598 1634 1733 1678 ἔκκλη-

509 1709 606 1748 σίαν.
650 1709 767 1748 Plura
790 1708 964 1759 exempla
988 1708 1171 1758 leguntur
1194 1719 1282 1757 pag.
1301 1707 1428 1753 2056,
1455 1707 1559 1745 2062
1573 1735 1582 1753 ‚
1605 1707 1731 1753 2079,

511 1781 635 1827 2255,
676 1782 795 1820 2283.
852 1780 988 1830 Itaque
1024 1779 1088 1817 hic
1125 1781 1164 1817 ess
1191 1791 1280 1829 pag.
1302 1780 1429 1817 2304:
1460 1778 1593 1817 ἔπειτα
1622 1777 1734 1817 καλέ-

509 1869 643 1898 σαντες
679 1854 721 1893 τὸ
752 1855 888 1897 πλῆθος
918 1854 970 1897 εἷς
999 1853 1065 1897 την
1094 1852 1292 1897 ἐκκλησίαν
1320 1852 1522 1890 articulum
1550 1852 1730 1891 deleatur.

565 1962 659 2014 Pag.
689 1962 807 2000 2027.
852 1960 1073 2008 ἐπικουρικὸν
1109 1959 1141 2009 δ’
1175 1960 1301 2002 αὐτοῖς
1329 1960 1427 2000 οὐδὲν
1456 1959 1598 2009 ἔφθασε
1627 1961 1731 2008 παρὰ

506 2040 575 2074 τῶν
631 2035 849 2083 συμμάχων
894 2034 1121 2081 ἀφικόμενον
1162 2031 1216 2070 ὅτι
1259 2034 1311 2079 μη
1354 2034 1459 2080 παρα
1501 2034 1730 2072 Τυσκλάνων

506 2109 644 2156 μόνον.
705 2107 946 2158 Comparaffis
984 2106 1078 2144 loeis
1113 2106 1244 2155 quales
1278 2107 1371 2143 sunss
1405 2106 1546 2144 Herod.
1586 2107 1617 2144 I.
1659 2107 1729 2145 18:

506 2187 599 2220 τοῖσι
640 2181 678 2220 δὲ
714 2180 927 2223 Μιλησίοισι
965 2178 1118 2224 οὐδαμοὶ
1156 2179 1280 2215 Ἰώνων
1314 2178 1375 2215 τὸν
1412 2178 1575 2224 πόλεμον
1603 2182 1729 2217 τοῦτον

506 2254 850 2302 συνεπελάφρυνον,
889 2250 944 2290 ὅτι
982 2252 1035 2298 μη
1075 2255 1152 2290 Χῖοι
1191 2253 1335 2298 μοῦνοι,
1374 2252 1414 2289 et
1449 2250 1480 2289 Ι.
1515 2252 1613 2291 118:
1651 2252 1730 2292 οὐδὲ

509 2331 625 2368 νύκτα
664 2326 779 2368 οὐδεὶς
815 2324 1050 2373 ἐναυλίζεται
1089 2324 1280 2371 ἀνθρώπων
1319 2320 1373 2361 ὅτι
1411 2325 1463 2368 μη
1494 2325 1586 2370 γυνη
1615 2325 1728 2370 μούνη

507 2405 577 2440 τῶν
607 2399 830 2447 ἐπιχωρίων,
861 2398 1011 2436 nullum
1037 2397 1194 2435 dubium
1217 2410 1297 2435 esse
1317 2397 1446 2446 potest
1468 2396 1562 2446 quin
1582 2395 1730 2448 Diony-

510 2474 587 2512 sius
616 2473 720 2525 παρά
748 2469 976 2510 Τυσκλάνων
1005 2469 1140 2515 μόνΩν
1169 2467 1373 2519 scripserit.
