2096 3127
811 835 1047 881 LIBER
1091 835 1439 882 TERTIUS.

568 1090 661 1141 Pag.
680 1091 771 1129 407.
803 1091 910 1129 αἴτιοι
940 1091 978 1129 δὲ
1010 1094 1074 1129 τοῦ
1104 1091 1299 1134 διαστῆναι
1332 1090 1402 1133 τὰς
1433 1090 1559 1133 πόλεις
1585 1091 1647 1129 καὶ
1672 1094 1738 1129 λῦ-

512 1177 576 1202 σαι
606 1163 648 1201 τὸ
671 1165 896 1210 συγγενὲς
922 1164 1009 1209 ἀνὴρ
1036 1163 1224 1210 Ἀλβανὸς
1247 1163 1393 1211 ἐγένετο
1417 1164 1582 1207 Κλοίλιος
1611 1163 1737 1211 ὄνομα.

513 1234 700 1274 Cloelium
731 1236 898 1275 effecisse
927 1237 972 1273 ut
999 1235 1166 1274 Romani
1191 1238 1232 1274 et
1253 1235 1399 1274 Albani
1424 1236 1652 1274 dissiderent
1679 1236 1737 1274 fa-

512 1309 583 1347 cile
620 1309 821 1348 intellectu
850 1310 928 1347 est:
969 1309 1096 1347 minus
1133 1309 1243 1348 facile
1283 1309 1515 1360 intelligitur
1546 1309 1737 1359 quomodo

511 1384 576 1421 τοῦ
609 1383 651 1421 τὸ
682 1382 862 1428 συγγενὲς
895 1385 1008 1420 λῦσαι
1041 1380 1206 1420 Cloelius
1234 1383 1368 1420 auctor
1393 1381 1527 1427 fuerit3
1557 1381 1738 1432 cognatio

509 1453 627 1501 enim·
644 1455 762 1500 solvi,
795 1454 923 1492 dirimi
951 1466 1032 1492 non
1062 1455 1200 1504 potest.
1258 1453 1307 1491 In
1333 1454 1582 1504 sequentibus
1611 1455 1738 1492 autem

508 1528 672 1577 apparet
711 1527 803 1577 quid
854 1539 925 1577 pro
971 1527 1013 1565 τὸ
1059 1527 1242 1573 συγγενές
1282 1527 1475 1577 scripserit
1519 1527 1737 1577 Dionysius.

508 1600 601 1650 Pag.
631 1600 709 1638 410
750 1599 892 1650 legitur
931 1599 1086 1637 Tullum
1126 1600 1223 1637 velle
1252 1605 1470 1647 περιστῆσαι
1501 1601 1552 1644 εἷς
1583 1600 1736 1643 ἐκείνους

508 1674 548 1723 (i.
575 1687 606 1711 e.
636 1673 814 1723 Sabinos)
854 1674 920 1717 τὴν
959 1673 1085 1711 αἰτίαν
1115 1677 1179 1711 τοῦ
1209 1673 1311 1711 λύειν
1340 1674 1391 1711 τὰ
1421 1673 1506 1721 πρὸς
1536 1674 1601 1716 τὴν
1634 1674 1739 1711 ἄποι-

509 1745 594 1784 κίαν
634 1745 882 1792 συγκείμενα.
924 1746 1098 1789 συνθῆκαι
1139 1746 1214 1792 γὰρ
1254 1743 1347 1789 ἦσαν
1381 1750 1467 1789 ταῖς
1497 1745 1648 1784 πόλεσιν
1676 1745 1736 1784 ἐπὶ

509 1818 699 1863 Ῥωμύλου
732 1818 943 1864 γενόμεναι.
1002 1817 1150 1856 Foedus
1186 1817 1305 1868 igitur
1332 1819 1377 1855 ut
1409 1819 1669 1868 rumperetur,
1698 1817 1738 1855 id

512 1890 679 1930 Cloelius
716 1891 877 1941 agebat3
917 1890 1046 1940 itaque
1083 1903 1153 1940 pro
1192 1890 1233 1929 τὸ
1271 1891 1454 1937 συγγενές
1492 1892 1737 1930 restituamus

510 1964 582 2008 τὰς
613 1965 803 2010 συνθήκας.

567 2110 662 2162 Pag.
679 2110 770 2149 419.
801 2110 831 2149 εἷ
862 2110 930 2157 μὲν
961 2108 1019 2149 οὖν
1048 2109 1261 2158 θρασύτερον
1291 2109 1350 2148 ἐπὶ
1381 2110 1442 2149 τὸν
1465 2111 1595 2157 ἀγῶνα
1620 2109 1737 2159 ὥρμη-

510 2199 583 2224 σαν
609 2183 792 2230 Ἀλβανοὶ
823 2183 1014 2229 Ῥωμαίων
1043 2183 1397 2231 καταφρονήσαντες
1428 2184 1490 2221 καὶ
1519 2189 1589 2233 μιᾷ
1621 2190 1737 2232 κρῖναι

510 2257 624 2306 μάχῃ
662 2257 713 2295 τα
755 2254 855 2294 ὅπλα
895 2256 1116 2302 διέγνωσαν,
1160 2255 1259 2294 οὐδὲν
1294 2255 1339 2294 ἂν
1370 2257 1412 2294 τὸ
1442 2258 1578 2294 κωλῦον
1606 2255 1647 2300 ἦν
1675 2256 1738 2295 τόν

510 2345 553 2369 τε
583 2328 942 2370 κατασκευασθέντα
972 2328 1075 2367 δόλον
1103 2329 1163 2366 ἐπ’
1193 2329 1319 2370 αὐτοῖς
1342 2327 1548 2372 λεληθέναι.
1592 2327 1738 2378 Magna

511 2403 686 2442 confusio
724 2404 782 2440 est
821 2402 923 2452 apud
963 2401 1192 2451 Dionysium
1226 2401 1328 2438 inter
1364 2401 1405 2439 τὸ
1444 2403 1581 2439 κωλῦον
1619 2402 1659 2438 et
1695 2401 1736 2439 τὸ

512 2479 698 2523 κωλῦσον;
742 2476 857 2514 modo
896 2475 1037 2526 legitur
1076 2478 1235 2521 κωλῦον,
1271 2476 1315 2512 ut
1351 2476 1616 2525 praeterquam
1653 2474 1737 2513 loco
