2096 3127
1096 333 1120 370 6

497 458 571 496 tur.
628 455 775 495 Eodem
805 456 919 494 modo
948 467 1036 506 pag.
1054 455 1132 494 540
1173 454 1380 506 Dionysius
1406 469 1478 495 nos
1507 457 1618 495 doceb
1644 455 1721 495 Lu-

498 542 699 568 comonem
725 529 914 567 audivisse
931 528 1012 576 περὶ
1038 533 1105 574 τῆς
1125 528 1314 575 Ῥωμαίων
1338 529 1481 574 πόλεως
1498 527 1552 568 ὅτι
1573 529 1720 572 πάντας

497 601 640 649 ἀσμένη
667 602 737 654 (sic
760 604 819 641 est
841 602 1047 653 legendum
1071 615 1141 653 pro
1167 601 1351 653 ἁσμένως)
1373 603 1624 653 ὑποδεχομένη
1638 603 1721 645 τοὺς

497 674 619 720 ξένους
657 675 794 719 οἰστοὺς
832 680 1005 714 ποιεῖται.
1058 674 1157 713 Item
1192 687 1281 726 pag.
1301 676 1378 714 696
1408 675 1557 715 Tullius
1584 676 1723 714 dieitur

498 748 644 798 primus
672 749 860 800 incepisse
887 750 972 792 τοὺς
1003 747 1285 791 δεδουλευκότας
1316 748 1452 792 άστοὺς
1482 754 1609 789 ποιεῖν.

554 895 648 946 Pag.
667 896 730 934 36.
760 896 791 934 εἰ
827 896 865 934 δέ
902 910 997 937 τινες
1034 895 1229 941 πεφύκασι
1270 896 1322 941 μὴ
1352 899 1489 944 ταχεῖς
1520 893 1611 934 εἶναι
1642 894 1720 942 περὶ

501 969 741 1015 πραγμάτων
782 972 953 1007 παλαιῶν
982 968 1338 1014 ἀβασανίστως
1368 968 1420 1006 τοὶ
1449 968 1638 1015 λεγόμενα
1669 967 1724 1006 δέ·

500 1042 650 1089 χεσθαι.
696 1041 868 1080 offendit
895 1041 1117 1079 adverbium
1141 1040 1423 1087 ἀβασανίστως.
1467 1040 1588 1086 Quam
1613 1054 1723 1091 saepe

500 1114 597 1165 siglo
637 1114 737 1152 male
774 1114 970 1152 in'oelleeto
999 1113 1221 1152 adverbium
1259 1126 1330 1164 pro
1357 1113 1544 1152 adieetivo
1573 1114 1723 1164 legaizur

500 1189 636 1226 eontra
685 1189 831 1226 cerium
878 1201 988 1225 usum
1032 1187 1188 1237 linguae
1227 1185 1393 1225 Graecae
1430 1187 1496 1225 vix
1532 1200 1628 1237 opus
1666 1188 1724 1225 est

499 1262 715 1300 admonere.
759 1260 884 1299 Multa
906 1260 1019 1298 huius
1039 1259 1124 1297 viffi
1146 1260 1320 1310 exempla
1334 1259 1439 1298 dedit
1462 1259 1511 1299 V.
1529 1259 1570 1298 O.
1602 1259 1724 1298 Cobet

498 1334 540 1371 in
567 1334 660 1372 Var.
694 1333 798 1371 Leet.
830 1333 884 1383 (p.
904 1333 980 1370 152
1006 1333 1128 1382 sqq.);
1152 1346 1172 1370 e
1196 1331 1382 1382 Dionysio
1398 1333 1528 1382 augeri
1543 1346 1723 1370 numerus

500 1408 648 1456 potest:
687 1407 740 1444 sio
777 1406 940 1455 legimus
978 1405 1146 1449 ἀσμένως
1187 1417 1257 1454 pro
1292 1405 1479 1442 adieetivo
1507 1417 1595 1455 pag.
1624 1405 1722 1450 157,

501 1479 601 1524 212,
633 1478 734 1523 541,
777 1478 876 1523 774,
920 1477 1046 1522 1328,
1089 1477 1215 1522 1483,
1262 1477 1387 1523 2045,
1429 1477 1556 1523 2220,
1596 1478 1723 1523 2301,

497 1552 668 1602 (integra
706 1551 830 1588 forma
868 1551 1017 1588 servassa
1053 1551 1111 1587 est
1147 1562 1236 1599 pag.
1271 1550 1347 1587 182
1378 1550 1560 1596 οὶσμένους
1591 1550 1629 1589 δὲ
1658 1550 1723 1593 τὴν

499 1629 570 1671 γῆν
601 1623 766 1673 ἰδόντας,
796 1635 885 1673 pag.
904 1622 980 1660 571
1012 1622 1042 1660 οἱ
1071 1622 1102 1660 δ’
1131 1620 1287 1668 ἄσμενοί
1314 1637 1357 1660 τε
1389 1622 1631 1671 ὑποδέχονται
1661 1622 1721 1661 τὸν

499 1696 684 1747 πόλεμον,
709 1708 798 1746 pag.
818 1695 920 1733 1201
947 1693 1098 1742 δέχεσθε
1121 1693 1274 1740 ἄσμενοι
1298 1694 1368 1737 τὰς
1389 1693 1553 1743 χάριτας
1579 1695 1721 1746 αὐτῶν,

496 1782 584 1820 pag.
605 1770 709 1807 1446
749 1770 894 1815 ἐγένετο
934 1768 970 1807 δὲ
1010 1768 1073 1806 καὶ
1113 1773 1189 1810 τοῖς
1228 1769 1417 1811 πλείστοις
1447 1772 1517 1806 τῶν
1549 1768 1721 1815 συνέδρων

496 1842 708 1892 οἷο-μένοις),
746 1853 835 1892 pag.
862 1840 938 1878 150
977 1839 1087 1888 πυρὸς
1124 1840 1349 1886 αὐτομάτως
1385 1840 1612 1888 ἀναφθέντος
1651 1853 1720 1891 pro

497 1911 735 1971 αὐτομάτου,
766 1927 854 1964 pag.
874 1914 950 1951 145
980 1914 1288 1957 ἀκαταπλήκτως
1318 1914 1359 1952 τὸ
1389 1913 1498 1951 δεινὸν
1530 1914 1719 1958 ὑπομένον-

495 2002 566 2031 τας
602 2000 673 2039 pro
711 1988 1033 2031 άκαταπλήκτους
1072 1988 1111 2025 et
1149 1998 1238 2037 pag.
1274 1986 1378 2025 1433
1411 1986 1719 2031 άκαταπλήκτως

496 2061 639 2107 οἴσομεν
692 2073 762 2110 pro
816 2059 1119 2103 α’κατάπληκτοι.
1178 2059 1308 2098 Simile
1355 2059 1538 2097 mendum
1579 2059 1721 2110 legitur

497 2146 585 2184 pag.
606 2134 732 2179 1720,
770 2133 837 2171 ubi
875 2146 945 2182 pro
981 2132 1167 2171 librorum
1205 2134 1245 2171 αἱ
1277 2132 1313 2171 δὲ
1344 2132 1405 2171 διά
1435 2136 1470 2171 τ’
1500 2133 1584 2181 ὀρῶν
1613 2134 1718 2181 0choe-

497 2210 561 2245 νῶν
578 2228 628 2236 -
645 2205 894 2252 ποιησάμεναι
924 2206 994 2249 τας
1021 2205 1119 2249 ὁδούς
1150 2205 1199 2244 V.
1216 2204 1264 2244 D.
1290 2205 1457 2257 Sylburg
1480 2205 1587 2244 dedit
1609 2207 1719 2254 οἱφα-

495 2284 584 2324 νῶς;
610 2292 695 2317 mea
717 2279 910 2316 sententia
927 2279 1089 2326 άφανεῖς
1110 2292 1199 2317 vera
1222 2279 1335 2317 lee'm'o
1355 2280 1424 2317 est.
1459 2279 1567 2317 Idem
1582 2279 1718 2317 vitium

494 2353 598 2392 inest
632 2352 675 2390 in
715 2351 1003 2398 άβασανίστωςε
1043 2351 1249 2402 legendum
1286 2353 1344 2391 est
1380 2351 1627 2398 άβασάνιστα
1667 2353 1718 2392 τα

495 2425 687 2471 λεγόμενα
710 2424 885 2472 δέχεσθαι
909 2426 953 2461 ui:
975 2424 1136 2474 legimus
1150 2425 1191 2462 in
1213 2423 1470 2474 Antiphontis
1493 2424 1557 2463 Or.
1574 2424 1610 2470 I,
1628 2425 1649 2474 ἓ
1669 2425 1718 2463 13

495 2497 589 2538 ὥστε
629 2498 860 2544 σιωπώμενον
897 2497 960 2535 καὶ
1000 2497 1259 2544 ἀβασάνιστον
1301 2497 1393 2536 αὐτὸ
1422 2499 1531 2537 ἐᾶσαι
1563 2498 1717 2546 ἐβουλή-
