2096 3127
942 322 966 361 9

341 447 500 490 εὐθηνεῖν
538 447 707 493 dicebat,
746 446 867 484 Attici
905 446 1068 484 εὐθενεῖν.
1120 445 1242 484 Testis
1271 445 1322 483 sit
1349 443 1561 495 Aeschylus

341 518 384 557 in
413 518 524 558 Eum.
555 533 609 558 vs.
627 520 727 558 908:

534 593 698 632 ἀστοῖσιν
722 593 934 632 εὐθενοῦντα
962 592 1016 639 μὴ
1046 590 1198 640 κάμνειν
1228 590 1346 640 χρόνῳ

343 678 398 702 vs.
416 665 516 703 944:
541 665 648 710 μῆλα
676 666 712 704 τ’
743 666 957 704 εὐθενοῦντα
985 667 1040 711 γὶὶ

534 737 672 786 τρέφοι.

343 822 398 848 vs.
416 809 514 848 895:
539 811 585 850 ὡς
615 812 668 856 μή
697 811 765 848 τιν’
794 807 886 849 οἶκον
914 810 1065 849 εὐθενεῖν
1095 808 1182 849 ἄνευ
1209 808 1321 848 σέθεν.

397 882 444 920 Iu
479 882 750 921 Demosthenis
789 882 853 921 Or.
878 883 998 929 VIII,
1029 884 1050 932 §
1077 866 1140 921 20.
1180 882 1303 930 πότερ’
1342 882 1387 921 ἂν
1415 882 1561 929 βούλοιο

344 955 492 1000 τούτους
538 957 621 999 τοὺς
666 956 1073 1005 στρατιώτας-εὐθενεῖν
1120 957 1198 995 fere
1241 970 1373 996 omnes
1417 957 1563 995 codices

274 1082 276 1084 Ι
344 1028 592 1068 consentiunt
617 1029 659 1067 in
688 1030 863 1077 εὐθενεῖν,
893 1029 1006 1080 pauci
1035 1029 1181 1068 habent
1203 1029 1399 1075 εὐσθενεῖν;
1428 1029 1471 1068 in
1496 1027 1561 1068 Or.

343 1102 500 1149 XVIII,
532 1103 649 1152 §286
680 1103 912 1141 εὐθενούντων
940 1107 1010 1141 τῶν
1035 1102 1274 1151 πραγμάτων
1302 1103 1425 1141 multa
1453 1101 1560 1142 MSS.

342 1160 488 1213 hebent
511 1175 746 1220 εὐθηνούντων
757 1204 767 1222 ,
783 1183 827 1214 Σ.
844 1175 1097 1214 εὐθενούντων;
1115 1177 1250 1214 contra
1264 1175 1307 1213 in
1323 1175 1429 1213 Orat.
1446 1174 1560 1220 XIX,

343 1247 458 1297 §231
490 1247 552 1286 καὶ
584 1250 662 1286 νοῦν
692 1245 793 1297 ἔχειν
823 1249 976 1295 ἡγοῦντο
1004 1248 1067 1288 καὶ
1093 1249 1159 1293 τὴν
1183 1247 1289 1287 πόλιν
1312 1247 1558 1293 εὐθενεῖσθαι,

343 1333 574 1370 quamquam
611 1333 743 1358 omnes
780 1321 927 1359 codices
964 1321 1147 1359 exhibent
1184 1336 1201 1360 ε
1229 1334 1310 1359 non
1339 1336 1358 1364 η
1373 1349 1382 1367 ,
1410 1320 1562 1358 Bekker

343 1393 462 1433 edidit
490 1395 715 1440 εὐθηνεῖσθαι
729 1422 739 1442 ,
770 1394 872 1446 quod
901 1394 982 1434 sine
1010 1394 1125 1434 dubio
1155 1394 1435 1434 emendandum
1464 1395 1532 1433 est.

396 1502 490 1555 Pag.
503 1505 566 1544 98.
582 1505 720 1554 λῃστής
735 1519 790 1548 τις
806 1504 920 1551 ὄνομα
932 1504 1065 1548 Κάκος.
1080 1504 1130 1544 In
1144 1503 1270 1544 Ovidii
1283 1504 1408 1544 Fastis
1422 1504 1489 1544 ubi
1499 1518 1562 1544 ea-

342 1577 428 1615 dem
442 1578 602 1616 historia
615 1580 793 1616 narratur
802 1577 923 1616 Cacus
938 1591 1085 1628 semper
1099 1591 1122 1616 a
1135 1579 1361 1628 productam
1375 1578 1503 1624 habet,
1519 1580 1565 1615 ut

342 1650 373 1688 I.
392 1650 491 1690 550:
528 1651 711 1690 Traxerat
739 1664 889 1691 aversos
919 1650 1040 1691 Cacus
1066 1651 1109 1690 in
1139 1653 1252 1690 antra
1280 1651 1401 1698 feros,

530 1723 671 1770 Cacus,
701 1723 918 1762 Aventinae
937 1724 1053 1762 timor
1080 1726 1194 1774 atque
1221 1724 1382 1762 infamia
1405 1725 1532 1762 silvae.

396 1796 495 1835 569:
529 1796 657 1835 Prima
685 1798 814 1836 movet
844 1795 964 1836 Cacus
993 1797 1133 1835 collata
1161 1797 1306 1848 proelia
1334 1797 1477 1836 dextra,

344 1868 404 1907 Ob
432 1869 534 1908 hanc
562 1882 710 1908 causam
745 1882 831 1908 cum
860 1869 1052 1908 Meinekio
1081 1871 1202 1912 Κᾶκος
1231 1869 1344 1908 malo.

398 1979 491 2029 Pag.
507 1980 569 2017 99.
596 1983 671 2022 τοῖς
695 1980 763 2027 μὲν
783 1979 904 2028 ἴχνεσι
926 1980 1177 2028 διαρτώμενος.
1218 1979 1388 2017 Verbum
1409 1980 1561 2027 διαρτᾶν

344 2064 424 2091 non
450 2053 610 2103 apparet
638 2052 713 2091 nisi
737 2053 839 2104 apud
863 2053 1101 2092 recentiores.
1143 2052 1180 2091 A
1205 2052 1320 2092 Suida
1333 2081 1342 2099 ,
1368 2053 1434 2103 qui
1457 2052 1561 2091 hunc

343 2124 470 2163 locum
492 2125 774 2176 transscripsit,
804 2126 1014 2177 explicatur
1050 2124 1313 2174 διαρτώμενος·
1340 2126 1356 2165 o‘
1387 2126 1425 2165 δὲ
1453 2129 1562 2176 Ἤρα-

344 2203 436 2243 κλῆς
465 2203 540 2242 τοῖς
568 2199 637 2246 μὲν
666 2198 787 2249 ἴχνεσι
818 2200 1053 2248 διαρτώμενος
1085 2199 1286 2251 (τουτέστιν
1318 2199 1563 2247 ἐξασῖατώμε-

345 2271 415 2323 νος)
442 2286 476 2310 κ.
490 2286 523 2309 τ.
542 2281 578 2310 λ.
620 2271 705 2310 Hoc
728 2272 865 2311 Virum
890 2271 989 2311 Glar.
1014 2272 1172 2323 Madvig
1196 2273 1372 2323 effugisse
1395 2273 1563 2319 videtur,

343 2344 409 2395 qui
440 2344 483 2382 in
519 2343 678 2383 Advers.
718 2343 811 2383 Orit.
841 2344 880 2392 I,
920 2357 1008 2396 pag.
1038 2344 1113 2384 725
1143 2345 1192 2384 ad
1218 2344 1334 2384 Dion.
1364 2357 1453 2397 pag.
1486 2346 1563 2385 225

343 2419 389 2461 ὡς
426 2418 655 2465 διηρτημένος
696 2418 761 2457 ὑπ’
804 2420 916 2457 αὐτοῦ
946 2420 1210 2458 annotaverit:
1241 2421 1388 2458 »scribe
1417 2422 1462 2463 ὡς
1491 2420 1563 2465 διη-

344 2490 596 2538 πατημένος.”
653 2490 762 2531 Nihil
791 2491 1019 2531 mutandum
1047 2493 1116 2532 est.

2090 1864 2096 1888 ,,,
2091 1839 2093 1844 Δ
2086 1313 2096 1831 ‚wa—mm<
2085 972 2094 1305 ”Ν“ΛΜ,-ο-ιμ..,ψι
2086 946 2091 959 μ
2087 909 2093 939 ..-
2086 887 2092 895 ψ
2087 828 2092 862 ..,.

2089 2010 2096 2084 μμ...
2091 1978 2093 1980 -
2092 1913 2096 1929 ,Δ
