2096 3127
1108 334 1130 371 2

501 456 606 494 tione
635 457 863 494 vocabulum
895 471 941 502 ys
967 456 1135 506 positum
1160 457 1229 502 sit3
1255 458 1427 508 legamus
1447 458 1629 503 Ἀθηναῖοι
1654 459 1723 504 μὲν

501 529 577 576 γὰρ
619 543 652 567 κ.
678 543 713 567 τ.
740 529 770 568 ἐ.
814 530 854 567 θΐ.
897 528 1086 568 medicina
1130 530 1250 569 allata
1287 530 1370 569 erik.
1437 531 1544 570 Idem
1586 531 1725 570 accidiiz

501 614 589 653 pag.
610 602 715 640 1184
743 602 811 640 ubi
840 614 944 639 nuno
973 601 1114 652 legitur
1143 602 1230 649 πρὸς
1258 603 1328 649 μέν
1356 618 1411 650 γε
1439 604 1523 647 τοὺς
1553 605 1723 651 άΦεστη-

500 674 614 717 κότας
643 678 713 713 τῶν
743 677 901 713 πολιτῶν
922 674 1128 712 άντίπαλον
1151 679 1266 723 χεῖρα
1288 673 1422 721 ἕξομεν
1441 677 1472 715 εἰ
1496 675 1722 723 βουλοίμεθα

499 748 570 787 τῶν
609 746 834 795 θεραπόντων
863 746 1121 792 ἐπιλεξάμενοι
1154 748 1238 790 τοὺς
1268 749 1549 795 ἀκμαιοτάτους
1580 749 1719 787 ἐλευθε-

504 825 628 869 ρῶσαι.
672 821 758 859 Hoc
785 834 935 871 quoque
962 821 1046 858 loeo
1075 835 1123 866 ys
1147 834 1261 859 sensu
1284 824 1408 867 careia
1437 823 1608 873 legamus
1632 821 1719 869 πρὸς

499 894 567 939 μὲν
591 893 666 941 γὰρ
695 892 779 936 τοὺς
808 891 1077 940 ἀφεστηκότας
1101 907 1137 931 κ.
1157 908 1192 932 τ.
1212 893 1240 931 ὲ.
1272 895 1312 932 et
1335 894 1367 932 si
1395 907 1466 945 pro
1493 894 1719 941 βουλοίμεθα

496 966 749 1004 indicativum
776 965 1053 1003 restituerimus
1082 965 1213 1003 omnia
1241 978 1281 1003 se
1308 967 1411 1003 reete
1438 966 1649 1004 habebunt.
1671 989 1720 994 —

497 1037 644 1077 Eodem
673 1038 787 1076 modo
816 1037 1055 1076 emendanda
1085 1039 1178 1076 sunt
1205 1050 1301 1088 quae
1329 1037 1512 1088 leguntur
1534 1051 1623 1089 pag.
1644 1039 1721 1077 327

497 1112 527 1149 οἱ
558 1111 625 1156 μέν
655 1126 711 1157 γε
740 1110 967 1158 Φεύγοντες,
1010 1123 1099 1160 pag.
1126 1110 1204 1148 492
1236 1108 1380 1148 ἄποικοι
1410 1109 1479 1156 μέν
1510 1125 1569 1156 γε
1601 1112 1722 1149 αὐτῶν

495 1184 617 1230 ὄντες,
656 1196 745 1234 pag.
774 1183 878 1221 1052
917 1184 947 1221 οἱ
988 1182 1056 1228 μέν
1094 1197 1150 1229 γε
1189 1182 1562 1228 ἐγκαταλελοίπασιν
1601 1185 1722 1222 αὐτῶν

495 1257 561 1301 τὴν
590 1256 819 1303 ἐπικουρίαν,
848 1267 937 1306 pag.
959 1254 1063 1293 1154
1090 1254 1240 1293 Λῖκανοι
1262 1254 1330 1300 μέν
1355 1269 1412 1301 γε
1443 1255 1506 1294 καὶ
1534 1257 1720 1294 Οὐολοῦσ-

495 1343 573 1380 κοι,
602 1342 690 1380 pag.
711 1329 814 1367 1215
846 1328 1091 1377 διεψεύσασθε
1121 1327 1191 1374 μέν
1216 1343 1272 1374 γε
1303 1328 1364 1366 καὶ
1393 1329 1464 1371 τοὶς
1496 1328 1718 1376 ὑποσχέσεις

495 1414 583 1453 pag.
604 1402 708 1440 1223
737 1402 768 1439 οἱ
794 1401 862 1447 μέν
891 1415 949 1447 γε
979 1399 1020 1445 ἐξ
1042 1401 1153 1438 Ἰλίου
1177 1400 1487 1447 μεταναστάντες
1513 1401 1582 1440 ὑπὸ
1612 1409 1722 1440 πολε-

494 1474 588 1520 μίων
627 1472 888 1519 ἐξηλαύνοντο,
929 1485 1018 1523 pag.
1047 1472 1150 1511 1375
1199 1474 1229 1511 οἱ
1265 1472 1334 1518 μέν
1363 1487 1421 1518 γε
1458 1472 1717 1521 ἀφθονωτέρων

498 1546 706 1593 εὐποροῦσιν
736 1547 816 1584 ἐκεῖ
841 1548 910 1583 τῶν
943 1544 1172 1590 ἐπιτηδείων,
1204 1558 1241 1595 p.
1262 1544 1364 1583 1561
1390 1545 1420 1583 οἱ
1443 1544 1511 1591 μέν
1540 1559 1597 1592 γε
1621 1545 1720 1584 οὐδὲν

496 1619 560 1657 ἐὰν
588 1619 641 1665 μη
672 1617 920 1665 κατορθώσωσι
951 1616 1213 1665 βλάπτονται,
1244 1629 1333 1668 pag.
1354 1617 1457 1656 1625
1483 1617 1562 1656 οὐδέ
1594 1632 1649 1665 γε
1680 1618 1720 1657 αἱ

497 1690 737 1729 Οὐολούσκων
776 1689 856 1729 οὐδέ
895 1691 965 1727 τῶν
1004 1688 1130 1728 ἄλλων
1163 1689 1355 1736 ἀνθρώπων
1385 1690 1593 1736 εὐεργεσίαι
1627 1705 1721 1737 συμ-

495 1763 643 1802 πάντων
673 1765 844 1801 τοσοῦτον
875 1761 1087 1810 ἰσχύουσιν,
1118 1774 1207 1812 pag.
1227 1762 1331 1800 1832
1362 1760 1450 1800 ὅταν
1480 1762 1549 1808 μέν
1575 1777 1631 1809 γε
1656 1778 1720 1801 πο·

493 1839 690 1881 λεμῶμεν,
722 1848 810 1885 pag.
831 1835 934 1873 1850
965 1835 995 1872 οἱ
1023 1834 1092 1881 μέν
1121 1849 1179 1880 γε
1208 1835 1416 1882 πατρίκιοι,
1448 1847 1537 1885 pag.
1556 1835 1661 1874 2182
1689 1836 1720 1874 οἱ

492 1907 562 1954 μέν
587 1908 626 1953 γ’
646 1907 784 1953 άγοὶθοί
795 1936 804 1952 ,
831 1907 1039 1957 pag.2187
1065 1907 1313 1953 μαρτυρεῖταί
1337 1906 1394 1953 γε’
1417 1921 1472 1945 τοι
1497 1907 1602 1954 παρὰ
1627 1906 1721 1946 πάν-

493 1996 566 2019 των
592 1981 716 2023 αὐτοῖς
731 2011 740 2031 ,
764 1980 831 2018 ubi
846 1979 964 2019 codex
977 1979 1256 2018 Ambrosianus
1272 1980 1347 2028 γὰρ
1368 1980 1492 2027 dedit,
1508 1993 1597 2031 pag.
1612 1981 1719 2019 2304

494 2058 640 2092 πολλῶν
666 2053 723 2100 γε’
747 2068 801 2091 τοι
829 2053 1031 2098 δημοτικῶν
1054 2051 1410 2100 παραγγελλόντων.
1442 2051 1577 2091 Altera
1595 2052 1721 2091 forma

494 2127 536 2165 in
559 2140 675 2177 quam
700 2126 777 2173 γὰρ
801 2139 1094 2176 nonnumquam
1118 2125 1215 2164 abiit
1237 2127 1296 2164 est
1318 2127 1428 2173 γοῦν,
1446 2139 1478 2164 e.
1494 2138 1532 2176 g.
1558 2139 1595 2176 p.
1616 2126 1720 2164 1033

494 2199 622 2238 οὐδένα
651 2202 772 2245 γοῦν
802 2199 843 2237 ἐκ
873 2203 938 2243 τῆς
969 2198 1131 2247 ἱστορίας
1162 2198 1475 2249 παρειλήφαμεν,
1506 2209 1594 2249 pag.
1616 2197 1720 2236 1554

495 2271 573 2310 δυσὶ
616 2275 730 2318 γοῦν
770 2271 915 2322 (Codex
951 2271 1094 2322 Regius
1133 2271 1252 2309 habet
1290 2271 1383 2321 γὰρ)
1418 2270 1560 2319 ψήφοις
1601 2270 1719 2313 ἑάλως

493 2345 646 2395 μόναις,
672 2358 761 2396 pag.
790 2345 893 2383 1628
924 2344 1211 2391 κατηγωνίσατό
1238 2359 1294 2391 γε
1323 2342 1398 2383 οὖν
1428 2358 1538 2382 σε...
1571 2344 1587 2381 ὅ
1618 2352 1720 2382 πολι-

492 2418 593 2461 τικὸς
622 2416 777 2468 Φθόνος,
815 2414 904 2468 pa'g.
933 2417 1035 2456 1747
1076 2418 1105 2457 εἱ
1143 2416 1186 2464 γ’
1228 2413 1371 2456 οὖν...
1408 2416 1438 2456 οἱ
1477 2414 1717 2463 πολέμιοι...

496 2491 753 2537 ἠκολούθησαν,
813 2490 1115 2544 Nonnumquam
1145 2505 1192 2536 ys
1223 2491 1364 2544 legitur
1392 2490 1459 2530 ubi
1487 2504 1529 2528 τε
1558 2490 1717 2544 requiri-
