2096 3127
898 347 920 398 5

295 486 366 530 τοὶς
408 485 633 533 μεταβολὰς
674 490 749 528 τοῖς
785 483 946 529 Ἕλλησι
992 484 1213 530 πεποίηκεν,
1258 483 1299 521 in
1343 481 1518 521 Platonis

295 559 502 598 Phaedone
526 560 629 610 (pag.
648 559 700 598 84
711 557 769 610 C.)
797 558 944 601 πολλὰς
972 558 1048 606 γὰρ
1077 558 1119 602 δη
1146 557 1198 597 ἔτι
1235 557 1315 605 ἔχει
1353 557 1516 605 ὑποψίας

297 631 359 671 καὶ
389 631 627 682 ἄντιλοιβοὶς,
666 630 701 670 εἴ
727 645 774 678 γε
802 630 844 675 δή
877 644 932 674 τις
963 630 1065 668 αὐτοὶ
1093 629 1225 677 μέλλει
1254 628 1445 675 διεξιέναι,
1478 631 1518 668 et

297 705 481 744 eiusmodi
518 705 593 743 loci
621 718 643 743 a
670 705 774 743 recta
803 703 864 742 via
892 716 955 742 eos
984 704 1216 741 averterunt.
1260 703 1405 741 Tamen
1439 703 1517 740 iam

297 778 510 829 antiquitus
547 779 659 816 erant
692 777 900 824 docti0re3‚
938 777 1004 827 qui
1041 776 1133 827 quid
1173 777 1359 815 utendum
1398 778 1516 823 esset,

299 850 391 901 quid
412 863 494 888 non
521 849 712 887 docebant
725 848 875 901 (Comp.
893 848 1031 896 Cobet,
1055 849 1144 887 Var.
1161 849 1261 888 Lect.
1278 863 1316 900 p.
1331 850 1394 896 26,
1413 850 1519 900 307).

353 995 447 1048 Pag.
466 997 528 1035 23.
554 996 747 1044 μονοειδεῖς
772 995 847 1044 γὰρ
873 995 1013 1035 ε’κεῖνοιί
1036 1010 1078 1034 τε
1101 995 1163 1034 καὶ
1190 995 1298 1046 ταχὺ
1320 995 1519 1044 προσιστά-

299 1085 411 1117 μενοιι
447 1075 523 1113 τοῖς
562 1070 763 1109 ἀκούουσιν.
821 1069 1007 1120 Dionysio
1046 1071 1136 1108 ante
1176 1070 1305 1108 oculos
1334 1071 1418 1108 erat
1445 1069 1521 1108 De-

300 1143 538 1190 mosthenes,
579 1143 683 1181 cuius
722 1156 808 1181 eum
846 1141 1165 1193 studiosissimum
1206 1143 1321 1182 fuisse
1350 1145 1521 1189 constat,

301 1217 341 1254 et
377 1216 443 1267 qui
479 1215 542 1254 Or.
573 1216 647 1263 IX,
678 1217 699 1266 ἓ
734 1216 784 1254 14
813 1215 924 1254 dicit:
964 1214 1049 1254 ἄνευ
1085 1216 1122 1254 δὲ
1153 1216 1295 1260 ταύτης
1326 1216 1365 1268 (i.
1392 1230 1423 1255 e.
1455 1222 1521 1261 τῆς

303 1289 503 1328 ἀκουόντων
556 1289 712 1339 εὐνοίαις)
765 1287 834 1327 κᾶν
882 1287 1077 1336 ὑπερβάλη
1119 1290 1169 1336 τῷ
1213 1288 1338 1335 λέγειν
1377 1293 1520 1334 καλῶς,

305 1361 487 1411 προσέστη
517 1366 591 1404 τοῖς
621 1361 823 1400 ἀκούουσιν.

359 1509 453 1559 Pag.
481 1508 543 1547 25.
578 1508 687 1557 ᾤκουν
724 1506 812 1546 ἄνευ
850 1511 985 1555 τειχῶν
1024 1507 1191 1554 κωμηδὸν
1229 1508 1292 1546 καὶ
1330 1506 1524 1555 σποράδες.

305 1582 546 1621 Vocabulum
570 1580 735 1628 κωμηδόν
761 1594 783 1618 a
808 1580 1081 1619 recentioribus
1105 1580 1238 1619 fictum
1262 1582 1321 1619 est
1334 1594 1380 1619 ex
1394 1582 1527 1619 analo-

306 1655 370 1705 gia
421 1655 686 1693 adverbiorum
732 1654 938 1700 οέγεληδόν,
984 1653 1156 1701 σωρηδόν,
1203 1654 1400 1704 βοτρυδόν,
1444 1657 1526 1699 cet3

306 1726 429 1766 Attici
458 1726 637 1765 dicebant
674 1725 776 1764 κοιτοὶ
805 1726 955 1772 κώμοις,
987 1739 1018 1764 6.
1039 1738 1077 1777 g.
1109 1726 1350 1777 Thucydides
1382 1726 1433 1778 (Ι,
1465 1726 1526 1778 5):

308 1800 599 1849 προσπίπτοντες
652 1798 803 1843 πόλεσιν
852 1799 1080 1848 ἀτειχίστοις
1136 1800 1199 1838 καὶ
1245 1803 1346 1839 κατὰ
1397 1801 1526 1846 κώμοις

308 1872 545 1920 οἰκουμέναις.

364 2018 457 2069 Pag.
489 2019 551 2057 27.
595 2017 728 2056 δούλων
769 2032 811 2055 τε
860 2015 932 2056 ὅσοι
972 2020 1059 2065 παρ’
1099 2020 1223 2062 αὐτοῖς
1263 2020 1527 2068 ἐλευθερωθεῖεν

311 2093 439 2134 οὶστοῑς
463 2088 556 2130 εἶναι
578 2091 824 2140 συγχωρήσει.
859 2090 933 2130 Hic
956 2091 1061 2129 locus
1086 2091 1323 2131 demonstrat
1341 2095 1529 2144 quantum

313 2165 542 2217 significatio
571 2165 747 2203 vocabuli
775 2165 887 2207 οέστός
917 2166 1064 2203 mutata
1094 2165 1162 2211 sit3
1194 2180 1285 2204 nam
1314 2180 1400 2205 cum
1430 2169 1531 2219 apud

313 2238 568 2279 Athenienses
607 2238 634 2276 ii
673 2239 800 2276 essent
836 2239 943 2277 ἀστοί
981 2238 1045 2289 qui
1084 2252 1104 2277 e
1144 2240 1367 2290 parentibus
1404 2242 1532 2280 liberis

314 2312 613 2354 Atheniensibus
657 2311 823 2351 Athenis
869 2312 951 2350 nati
989 2314 1136 2359 essent,
1174 2326 1297 2364 neque
1334 2315 1532 2365 quisquam

317 2383 430 2428 ἀστός
468 2384 550 2423 fieri
596 2386 725 2435 posset
767 2385 832 2423 sed
861 2384 1016 2429 πολίτης
1055 2385 1318 2437 δημοποιητός,
1348 2388 1448 2438 apud
1475 2401 1534 2426 re-

316 2459 503 2498 centiores
532 2459 645 2500 οὲστός
675 2472 830 2508 prorsus
857 2459 958 2496 idem
989 2459 1183 2509 significat
1212 2473 1255 2497 ac
1284 2462 1462 2506 πολίτης,
1493 2463 1537 2498 ut

317 2532 391 2572 hoc
419 2532 503 2571 loco
535 2531 633 2570 servi
656 2532 873 2571 libertatem
899 2532 1028 2583 adepti
1052 2533 1161 2571 iem-01¹
1185 2533 1275 2572 facti
1299 2547 1377 2572 esse
1403 2534 1536 2573 dieun-
