2096 3127
597 836 830 883 LIBER
874 834 1293 882 SECUNDUS.

396 1131 489 1182 Pag.
507 1131 597 1170 250.
641 1130 791 1181 φράτρα
822 1131 860 1170 δὲ
890 1131 952 1170 καὶ
982 1130 1095 1180 λόχος
1126 1132 1146 1176 ἡ
1176 1131 1311 1178 κουρία.
1353 1129 1447 1169 Fere
1475 1130 1560 1169 ubi-

342 1217 415 1252 que
454 1204 512 1240 vir
549 1204 649 1241 doct.
689 1203 885 1253 Kiessling
921 1203 1041 1241 edidit
1076 1203 1248 1251 φράτρα,
1289 1217 1375 1241 cum
1412 1205 1563 1241 constet

342 1275 505 1314 formam
555 1275 722 1324 Φρατρία
771 1277 964 1326 praestare
1006 1277 1051 1314 ut
1092 1278 1252 1327 apparet
1293 1289 1339 1314 ex
1383 1275 1563 1314 derivatis

343 1348 622 1397 Φρατρίαρχος,
662 1348 765 1398 quod
800 1348 941 1398 legitur
978 1361 1066 1399 pag.
1099 1348 1199 1394 251,
1229 1348 1428 1396 Φρατριεύς
1457 1349 1561 1399 (pag.

343 1420 443 1464 281,
474 1433 562 1470 pag.
595 1421 710 1471 375),
740 1421 969 1469 φρατριακός
998 1425 1102 1471 (pag.
1137 1420 1258 1470 1854)
1289 1423 1328 1459 et
1353 1434 1438 1458 cum
1461 1433 1563 1458 non-

342 1492 459 1530 nullis
495 1491 588 1530 locis
626 1492 773 1530 codices
801 1492 944 1545 bonam
972 1491 1136 1531 formam
1165 1492 1374 1543 praebeant
1400 1493 1446 1530 ut
1474 1503 1564 1542 pag.

346 1564 447 1609 281,
477 1576 565 1614 pag.
598 1564 697 1611 375,
728 1577 817 1615 pag.
849 1565 948 1611 542,
980 1577 1069 1615 pag.
1100 1565 1216 1603 1855.

400 1705 492 1757 Pag.
521 1706 610 1745 257.
658 1706 766 1745 Inter
802 1720 846 1745 ea
883 1719 979 1758 quae
1006 1706 1144 1758 plebeii
1171 1706 1345 1758 patronis
1372 1708 1566 1758 praesssare

346 1780 538 1817 debebant
581 1780 788 1829 Dionysius
832 1781 1008 1817 numerat
1044 1784 1119 1822 τοῖς
1160 1780 1297 1818 ἑαυτῶν
1336 1780 1564 1827 προστάταις

347 1850 554 1900 θυγατέρας
594 1867 635 1890 τε
676 1852 918 1891 συνεκδιδόναι
959 1851 1221 1899 γαμουμένας.
1281 1851 1376 1898 Quia
1410 1852 1568 1891 verbum

348 1924 590 1963 συνεκδιδόναι
635 1924 761 1962 sedem
797 1924 915 1963 habet
950 1925 993 1963 in
1031 1925 1177 1975 nuptiis
1214 1925 1458 1975 participium
1496 1938 1568 1970 γα·

348 1996 534 2043 μουμένας
575 1997 767 2035 abundat:
807 2010 930 2047 neque
966 1997 1008 2035 in
1037 1997 1254 2035 huiusmodi
1283 1996 1375 2034 locis
1405 1996 1567 2046 legitur,

350 2081 381 2106 e.
408 2081 447 2119 g.
478 2069 610 2119 Lysias
646 2069 779 2119 (XIX,
820 2070 910 2120 59):
946 2068 998 2107 ἔτι
1038 2070 1154 2108 τοίνυν
1192 2069 1254 2107 καὶ
1290 2069 1363 2117 ἰδίᾳ
1394 2069 1466 2106 τισὶ
1498 2072 1569 2107 τῶν

354 2139 510 2180 πολιτῶν
554 2142 725 2189 ἀποροῦσι
767 2141 984 2188 συνεξέδωκε
1021 2141 1226 2189 θυγατέρας
1267 2141 1328 2180 καὶ
1369 2140 1570 2188 ἀδελφάς,

352 2214 630 2254 Demosffienes
657 2214 825 2265 (XVIII.
857 2215 951 2266 268)
981 2214 1058 2253 οὔτ’
1088 2215 1121 2253 εἴ
1148 2230 1222 2254 τισι
1253 2215 1462 2262 θυγατέρας
1492 2228 1573 2252 συν-

353 2287 526 2333 εξέδωκα.
583 2276 709 2337 Igitur
759 2287 861 2337 apud
907 2286 1136 2337 Dionysium
1182 2300 1333 2337 quoque
1372 2286 1575 2324 delendum

355 2358 601 2407 γαμουμένας
631 2372 778 2398 censeo.

410 2502 504 2552 Pag.
530 2503 619 2540 262.
663 2501 775 2549 ὄνομα
806 2502 843 2540 δὲ
872 2503 983 2541 κοινὸν
1012 2501 1177 2545 ἅπαντες
1209 2500 1304 2541 οὗτοι
1334 2502 1444 2549 ἔσχον
1476 2502 1576 2541 κελέ-
