2096 3127
910 354 959 394 17

317 477 492 517 solebant
529 478 570 517 in
609 476 888 529 penetralibus,
928 489 1025 527 quae
1054 474 1188 515 Graeci
1215 473 1338 513 ἄδυτα
1365 474 1536 526 appella-

315 550 431 589 bant:
460 563 530 602 pro
559 550 595 589 ἐν
623 548 762 599 ἀβάτῳ
789 548 996 600 legendum
1024 561 1104 587 esse
1132 546 1282 586 videtur
1311 548 1347 585 ἐν
1372 547 1504 596 ἀδύτῳ.

365 667 459 719 Pag.
478 667 567 707 177.
610 667 676 713 τη’ν
717 682 759 706 τε
790 666 891 712 δίκην
920 667 1157 717 ἐπεψήφισεν
1188 667 1205 706 ὅ
1235 665 1360 713 δῆμος.
1417 665 1534 717 Apud

315 738 570 779 Athenienses
607 739 825 789 ἐπιψηφίζοι
851 742 906 784 ,et
942 739 1219 789 ἕπιψηφίζομαι
1255 741 1359 778 certa
1388 739 1537 777 ratione

319 811 519 851 differunt:
558 811 800 861 ἐπιψηφίζειν
837 814 896 851 est
933 813 1084 851 mittere
1112 812 1154 850 in
1183 811 1427 862 suffragium,
1457 811 1535 849 ἔπι-

319 884 550 932 ψηφίζεσθαι
574 885 776 923 sententa'is
800 884 984 934 probare,
1009 885 1228 923 decernere:
1255 883 1270 921 ὅ
1294 884 1363 929 μὲν
1377 882 1536 931 προστά-

319 970 384 1001 της
410 956 653 1006 ἐπιψηφίζει,
681 958 701 1002 ἦ
727 956 758 995 δ’
785 956 965 1001 ἐκκλησία
990 956 1022 1007 (ὃ
1044 957 1081 996 δὲ
1097 956 1225 1009 δῆμος)
1249 955 1535 1006 ε’πιψηφίζεται.

319 1028 381 1068 Ita
417 1029 656 1080 Thucydides
686 1029 734 1080 (1.
753 1029 820 1080 87)
852 1029 1024 1080 scripsit:
1054 1031 1213 1068 τοιαῦτα
1243 1028 1280 1068 δὲ
1309 1027 1424 1074 λέξας
1454 1029 1538 1067 ἐπε-

316 1101 479 1150 ψήφιζεν
514 1101 625 1144 αὐτὸς
657 1101 689 1153 (ὂ
721 1101 985 1151 Σθενελαδΐας)
1018 1101 1142 1150 ἔφορος
1172 1101 1217 1140 ὢν
1246 1102 1281 1144 ἐς
1310 1102 1375 1146 την
1402 1102 1534 1146 ἔκκλη-

319 1174 403 1212 σίαν
440 1178 509 1212 τῶν
547 1173 850 1219 Λακεδαιμονίων
879 1176 918 1212 et
944 1175 999 1212 ita
1026 1175 1179 1224 passim.
1237 1175 1435 1225 Sequiores
1463 1175 1536 1213 hoc

320 1261 399 1285 non
428 1247 634 1285 observant
661 1248 701 1285 et
727 1247 871 1285 formas
899 1247 1062 1285 activam
1091 1248 1130 1285 et
1156 1247 1345 1297 passivam
1370 1247 1535 1286 confun-

320 1320 428 1357 dunt.
484 1318 601 1369 Apud
637 1318 865 1369 Dionysium
902 1319 980 1357 fere
1007 1319 1147 1369 ubique
1175 1320 1233 1357 est
1259 1319 1383 1357 forma
1411 1319 1537 1358 activa

319 1391 385 1430 ubi
421 1390 545 1429 media
571 1391 796 1442 requiritur,
826 1404 857 1430 e.
874 1403 912 1441 g.
943 1403 1032 1442 pag.
1065 1392 1140 1430 741
1172 1391 1234 1430 καὶ
1265 1391 1281 1430 o‘
1312 1391 1422 1437 δῆμος
1453 1393 1536 1429 ἑπε-

319 1465 488 1515 ψήφισε,
529 1477 617 1514 pag.
649 1465 727 1503 819
767 1461 856 1503 ὅταν
885 1464 915 1502 δ’
944 1464 1201 1512 ἐπιψηφίσωσι
1230 1466 1296 1510 τὴν
1324 1464 1474 1511 γνώμην
1504 1466 1534 1503 οἱ

320 1541 495 1584 πολῖται,
526 1549 615 1588 pag.
634 1536 783 1576 1018’5
810 1537 922 1583 δῆμος
947 1537 1183 1594 ἐπεψήφικε,
1209 1537 1275 1576 ubi
1297 1538 1374 1576 iam
1397 1538 1535 1577 Reiske

318 1611 437 1649 edidit
474 1611 490 1648 ὁ
526 1610 638 1656 δῆμος
669 1611 898 1657 ἐψηφίσατο.
941 1611 1087 1649 Tamen
1119 1624 1398 1661 nonnunquam
1430 1613 1534 1649 recta

318 1683 442 1721 forma
469 1683 653 1729 occurrit,
683 1685 727 1722 ut
753 1696 842 1735 pag.
863 1684 966 1723 1196
994 1689 1200 1733 συγχωρεῖν
1223 1688 1312 1731 γοῦν
1336 1686 1461 1728 αὐτοῖς
1486 1686 1533 1727 ὡς

320 1754 466 1800 ἄμεινον
493 1758 681 1803 φρονοῦσιν
710 1755 1001 1804 ἐπιψηφίζεσθαι
1031 1759 1106 1794 πᾶν
1136 1753 1189 1795 ὅτι
1216 1756 1261 1797 ἂν
1290 1758 1453 1803 ἡγῶνται
1482 1758 1532 1805 τῷ

319 1829 421 1876 κοινῷ
459 1828 680 1876 συμφέρειν,
718 1840 806 1878 pag.
834 1829 937 1867 1232
973 1829 1237 1878 ἐπιψηφιεῖται
1267 1830 1334 1875 μὲν
1364 1832 1383 1875 ἡ
1414 1830 1533 1876 βουλὴ

319 1914 459 1940 ταυτα.

374 2017 467 2069 Pag.
488 2017 577 2057 179.
621 2017 723 2064 μετα
751 2018 814 2057 τὸν
842 2017 977 2057 ἐκείνου
1005 2018 1159 2058 θάνατον
1182 2033 1339 2058 manum
1362 2020 1534 2072 interpo-

319 2091 451 2134 latoris
491 2091 719 2128 ostendunt:
758 2092 847 2140 post
883 2092 1059 2137 Ἀμολίου
1099 2092 1128 2130 δ’
1166 2092 1411 2140 ἀναιρεθέντος
1441 2093 1533 2132 haec

319 2163 434 2202 verba
462 2163 682 2210 abundant,
710 2162 808 2201 nihil
836 2164 927 2203 novi
955 2165 1122 2213 addunt,
1152 2168 1245 2205 sunt
1270 2167 1385 2206 modo
1411 2168 1533 2207 inter-

319 2235 483 2286 pretatio
512 2235 819 2285 praecedentium
846 2237 1059 2276 verborum.

375 2360 468 2411 Pag.
488 2360 576 2400 185.
606 2363 741 2409 Ῥῶμον
770 2362 807 2401 δὲ
836 2363 992 2409 Καπύην
1019 2365 1088 2412 μὲν
1116 2365 1191 2404 άπὸ
1220 2368 1283 2404 τοῦ
1308 2365 1538 2414 προπάππου

320 2432 496 2479 Κάπυος,
538 2434 730 2482 Ἀγχίσην
768 2435 802 2474 δ’
839 2436 914 2475 άπὸ
954 2440 1018 2476 τοῦ
1058 2438 1283 2487 προπάτορος
1323 2440 1536 2488 Ἀγχίσου,

320 2507 468 2547 Αἰνείαν
497 2506 533 2547 δὲ
563 2507 628 2560 τὴν
659 2507 804 2559 ὕστερον
832 2511 1028 2556 κληθεῖσαν
1059 2511 1238 2551 Ἰάνικλον
1269 2512 1345 2551 άπὸ
1375 2516 1437 2552 τοῦ
1463 2528 1535 2552 πα-

1340 2586 1360 2616 2
