2096 3127
1100 316 1149 356 10

557 433 650 486 Pag.
685 438 773 476 100.
818 439 1028 487 ἀμηχανῶν
1066 441 1082 478 ὁ
1124 444 1310 488 Ἡρακλῆς
1355 440 1409 482 ὅτι
1453 443 1636 492 χρήσαιτο
1677 443 1728 491 τῷ

503 509 707 558 πράγματι
732 512 782 555 εἷς
808 515 888 551 νοῦν
911 512 1106 559 βάλλεται
1132 515 1361 562 προσελάσαι
1387 518 1437 565 τῷ
1463 516 1635 564 σπηλαίῳ
1657 516 1728 559 τοὶς

502 583 631 627 ἄλλοις
659 585 763 631 βοῦς.
809 585 972 637 Propter
1001 600 1161 637 sequens
1186 601 1367 638 praesens
1390 589 1584 642 βάλλεται
1609 588 1729 626 futuri

503 658 719 708 optativum
748 659 923 707 χρήσοιτο
952 660 1157 710 legendum
1187 673 1335 700 censeo.

557 803 651 855 Pag.
671 805 760 843 100.
782 807 967 853 Ἡρακλῆς
993 806 1024 844 δ’
1041 806 1173 844 ἀλοιῶν
1199 806 1310 845 αὐτὸν
1335 808 1385 854 τῷ
1409 806 1557 855 ῥοπάλῳ
1582 806 1728 845 κτείνει.

503 878 636 915 ἀλοιοῖν
664 878 806 928 legitur
845 879 947 928 apud
975 878 1210 916 Homerum:
1251 878 1375 916 Attici
1404 880 1584 917 dicebant
1611 880 1731 917 ἀλοᾶν

505 950 607 1000 quod
635 949 708 988 hoe
738 964 889 1001 quoque
919 951 1003 989 loeo
1032 950 1238 1001 legendum
1270 952 1349 997 est,
1379 951 1556 1001 quodque
1584 951 1625 990 in
1654 951 1730 990 Ur-

505 1022 648 1061 binatis
679 1023 802 1063 ἀλύων
831 1024 948 1062 latere
986 1023 1167 1074 suspicor.

556 1168 650 1220 Pag.
671 1170 759 1208 103.
790 1169 929 1208 Editur
963 1169 1366 1217 σπλαγχνευσαμένων
1406 1171 1470 1215 ἤδη
1501 1175 1571 1210 τῶν
1602 1172 1728 1220 ἑτέρων

502 1254 588 1281 eum
634 1243 750 1294 vulgo
789 1244 936 1282 codices
969 1243 1139 1282 habeant
1167 1243 1535 1290 ἐσπλαγχνευμένων
1564 1244 1628 1290 ἤδη
1658 1246 1728 1283 τῶν

501 1317 619 1365 ἱερῶν,
652 1317 694 1355 in
724 1317 861 1368 quibus
890 1317 988 1355 nihil
1016 1316 1245 1355 mutandum
1273 1318 1342 1354 est.

556 1464 650 1515 Pag.
670 1465 759 1503 106.
790 1465 876 1512 πρὸς
906 1465 943 1503 δὲ
972 1464 1111 1507 τούτοις
1134 1462 1299 1508 Ἕλλησί
1324 1478 1366 1502 τε
1391 1463 1608 1512 βαρβάρους
1634 1479 1729 1512 συγ-

502 1538 761 1587 κεραννύμενος
791 1538 854 1577 καὶ
879 1537 1101 1581 θαλαττίους
1128 1538 1344 1585 ἠπειρώτας.
1386 1535 1483 1576 Cum
1507 1536 1602 1576 Viro
1626 1536 1726 1577 Clar.

502 1610 662 1662 Madvig
687 1611 862 1663 (Advers.
880 1609 973 1650 Crit.
995 1610 1036 1657 Ι,
1060 1622 1148 1661 pag.
1169 1610 1260 1662 724)
1288 1610 1351 1648 καὶ
1378 1610 1594 1653 θαλαττίοις
1621 1612 1725 1656 ἠπει-

501 1685 619 1733 ρώτας
649 1685 773 1731 malo,
803 1685 848 1722 ut
877 1685 967 1734 post
991 1696 1113 1734 pauca
1137 1696 1208 1734 pro
1233 1682 1379 1731 τρίβους
1406 1682 1599 1730 ε’Κτέμνων
1624 1684 1725 1731 οὶβοέ-

504 1772 578 1800 τοις
605 1758 720 1806 ὅρεσι,
751 1758 899 1804 τρίβους
930 1758 1127 1803 ε’Ντέμνων
1157 1758 1193 1794 ἐν
1223 1756 1384 1802 ἀβάτοις
1405 1755 1498 1802 ὄρεσι
1523 1756 1726 1807 adsumpta

502 1831 722 1869 coniectura
751 1829 836 1868 Viri
868 1829 980 1867 Doct.
1010 1828 1166 1867 Reiskii.
1197 1828 1436 1874 ἐκτέμνεσθαι
1466 1830 1596 1879 potest
1622 1830 1724 1879 quod

500 1903 603 1942 inest
630 1901 743 1941 alicui
770 1903 846 1948 rei,
877 1904 922 1940 ut
948 1902 990 1940 in
1018 1902 1138 1940 Iliade
1162 1901 1248 1952 (XI.
1276 1902 1370 1952 829)
1397 1901 1616 1952 Eurypylus
1639 1903 1723 1940 vul—

479 1978 656 2023 ·neratus
679 1976 727 2014 ad
751 1975 966 2015 Patroclem
990 1974 1103 2013 dicit:
1132 1977 1246 2022 μηροῦ
1272 1973 1444 2022 mmm·
1470 1974 1600 2014 ὀιστόν.
1624 1974 1722 2014 Item

500 2048 634 2096 Plato,
673 2049 719 2087 de
757 2048 920 2100 Republ.
945 2048 1029 2095 III,
1059 2060 1148 2099 pag.
1166 2049 1243 2087 411
1263 2049 1296 2086 b.
1327 2046 1392 2091 ἕως
1422 2047 1467 2086 ἂν
1498 2046 1633 2097 ἐκτήξῃ
1660 2048 1722 2087 τὸν

500 2123 611 2170 θυμὸν
648 2123 712 2161 καὶ
743 2122 880 2171 ἐκτέμῃ
917 2120 1036 2170 ὥσπερ
1066 2125 1172 2170 νεῦρα
1203 2122 1244 2160 ἐκ
1272 2127 1339 2166 τῆς
1369 2125 1512 2170 ψυχῆς.
1572 2121 1720 2166 Ὀιστός

498 2195 541 2235 in
575 2196 732 2234 vulnere
769 2195 970 2242 haerebat,
1010 2198 1115 2244 νεῦρα
1144 2195 1186 2233 in
1216 2195 1346 2234 animo
1376 2196 1487 2242 sunt,
1517 2194 1636 2245 igitur
1664 2196 1722 2234 ἐκ-

498 2270 696 2315 τέμνεσθαι
725 2269 910 2318 possunt;
948 2268 1013 2306 sed
1042 2269 1233 2318 quomodo
1263 2268 1407 2318 poterit
1434 2268 1622 2314 ἐκτέμνειν
1650 2269 1721 2306 ali-

498 2342 584 2394 quis
612 2341 761 2389 τρίβους
789 2340 950 2387 ἀβάτοις
976 2340 1100 2389 ὄρεσιῖ
1142 2340 1238 2380 Viae
1266 2341 1462 2380 faciendae
1489 2342 1601 2380 erant
1627 2355 1721 2392 quas

498 2415 704 2455 Herculem
742 2414 875 2453 fecisse
911 2413 1118 2466 Dionysius
1154 2416 1307 2453 narrat:
1347 2426 1438 2464 ergo
1477 2427 1558 2452 non
1586 2414 1719 2455 dubito

498 2489 698 2530 restituere
727 2488 916 2537 ἐντέμνων.
