2096 3127
1113 310 1163 346 60

523 427 581 468 οὖν
606 431 622 467 0‘
648 430 760 476 δῆμος
779 428 1043 475 -ἐξέλιπε
1065 431 1136 474 τὰς
1156 454 1204 460 -
1220 432 1467 481 ὑποσχέσεις,·
1498 447 1587 487 pag.
1620 437 1745 475 1141:

522 505 552 541 εἰ
583 504 650 549 μὲν
679 502 738 543 οὖν
764 504 976 553 άκμάζοντί
998 519 1059 551 μοι
1084 505 1125 543 τὸ
1151 510 1261 553 σῶμα
1285 511 1413 546 ταῦτα
1444 509 1745 556 προσέπεσε,

522 589 611 627 pag.
640 578 767 616 2084:
807 578 837 617 εἱ
875 578 944 624 μὲν
984 576 1042 618 οὖν
1082 579 1218 624 ἐκείνην
1247 582 1311 626 τὴν
1343 582 1481 630 ἡμέραν
1512 583 1611 632 θυμῷ
1641 582 1749 632 φερό-

521 665 622 697 μενοι
660 650 797 699 δρᾶσαί
836 667 870 690 τι
893 637 943 690 ὀἱ
981 652 1167 702 δήμαρχοι
1207 655 1310 694 κατὰ
1347 659 1417 694 τῶν
1448 655 1597 695 ὑπάτων
1628 656 1648 702 ἢ
1679 653 1753 702 τῆς·μ

520 723 661 771 βουλῆς
701 725 1047 773 προήχθησαν,
1087 726 1185 765 οὐδὲν
1225 726 1271 766 ἂν
1301 725 1341 772 ἦν
1370 727 1411 767 τὸ
1441 731 1602 768 κωλῦσον
1631 729 1748 774 αὐτὴν

521 797 590 845 ὑφ’
620 797 736 841 αὑτῆς
765 798 1000 836 ἀπολωλέναι
1031 800 1096 843 τὴν
1122 798 1237 837 πόλιν.

576 940 670 991 Pag.
715 942 831 980 1811.
886 942 947 979 καὶ
992 942 1254 988 καταβοῶντες
1294 947 1364 981 τῶν
1403 944 1438 981 ἐν
1476 950 1552 986 τοῖς
1590 944 1745 982 τέλεσιν.

522 1013 774 1065 Magistratus
803 1027 915 1065 saepe
944 1015 975 1052 οἱ
1006 1015 1041 1052 ἐν
1070 1014 1169 1053 τέλει
1200 1015 1387 1066 appellari
1415 1016 1595 1054 omnibus
1624 1016 1746 1054 notis-

522 1087 660 1124 simum
699 1100 823 1136 neque
861 1087 1045 1137 exemplis
1081 1088 1335 1125 demonstrari
1368 1101 1464 1138 opus
1494 1090 1571 1126 est:
1603 1102 1625 1126 a
1652 1088 1746 1126 Dio-

522 1160 632 1211 nysio
673 1172 824 1211 quoque
860 1159 916 1198 ita
953 1160 1198 1212 appellantur
1227 1172 1316 1212 pag.
1345 1161 1417 1199 63:
1449 1159 1582 1199 ἔπειτα
1612 1160 1674 1199 καὶ
1705 1161 1747 1200 τὸ

520 1235 657 1278 πλῆθος
683 1233 731 1272 δι’
758 1233 921 1281 ὑποψίαις
947 1234 1031 1276 τοὺς
1059 1233 1094 1270 ἐν
1116 1234 1215 1271 τέλει
1243 1233 1486 1280 ἐλάμβανεν,
1513 1246 1601 1284 pag.
1621 1235 1746 1273 1871:

521 1305 576 1345 ἔτι
616 1306 894 1350 στασιάσαντες
934 1306 964 1345 οἱ
1003 1306 1055 1345 σοὶ
1096 1305 1261 1354 πρόγονοι
1300 1308 1385 1355 πρὸς
1425 1307 1508 1351 τοὺς
1548 1308 1584 1346 ἐν
1618 1306 1745 1354 τέλει,

520 1394 556 1419 κ.
573 1394 608 1418 τ.
625 1388 678 1425 λ.,
709 1391 798 1430 pag.
820 1380 945 1418 1880:
971 1379 1034 1417 καὶ
1061 1380 1189 1417 πολλοὶ
1214 1378 1387 1425 δεομένων
1412 1384 1482 1418 τῶν
1507 1380 1745 1428 πρεσβευτῶν

521 1452 584 1491 καὶ
623 1456 692 1490 τῶν
732 1451 858 1490 ἄλλων
898 1453 968 1490 τῶν
1007 1452 1043 1490 ἐν
1082 1451 1182 1490 τέλει
1210 1452 1422 1500 μετριάσαι.
1480 1452 1589 1497 Quod
1619 1453 1746 1491 autem

521 1525 596 1563 hoe
633 1525 719 1563 loco
758 1525 900 1575 legitur
937 1528 1008 1563 τῶν
1045 1525 1081 1562 ἕν
1118 1529 1193 1567 τοῖς
1227 1523 1371 1563 τέλεσιν
1400 1525 1480 1563 tam
1508 1537 1637 1562 rarum
1667 1526 1745 1571 est,

520 1599 566 1635 ut
604 1597 705 1636 hane
742 1597 945 1635 lectionem
981 1596 1151 1647 spuriam
1181 1598 1221 1634 et
1248 1598 1319 1635 τῶν
1349 1597 1384 1634 ἐν
1412 1596 1511 1635 τέλει
1540 1596 1746 1635 restituen-

523 1671 613 1712 dum
643 1685 723 1711 esse
753 1684 940 1711 censeam.

578 1817 823 1869 Ρας.,1832.
869 1818 908 1857 αἱ
949 1817 1025 1866 γὰρ
1055 1817 1216 1857 ἓκούσιαι
1248 1816 1374 1866 δωρεαὶ
1404 1822 1479 1860 τοῖς
1510 1831 1552 1856 τε
1581 1815 1748 1865 προιεμέ-

524 1906 593 1936 νοις
626 1891 688 1944 (ex
715 1890 984 1929 emendatione
1008 1890 1080 1929 viri
1115 1890 1203 1929 clar.
1234 1889 1370 1942 Cobet)
1389 1889 1506 1936 ἡδίους
1535 1893 1604 1928 τῶν
1634 1890 1748 1937 ἠναγ-

523 1964 717 2011 κασμένων
743 1965 836 2010 εἶσί,
867 1964 930 2002 καὶ
960 1968 1035 2007 τοῖς
1065 1963 1305 2010 λαμβάνουσι
1330 1962 1574 2012 βεβαιότεραι
1600 1968 1670 2001 τῶν
1694 1963 1747 2009 μὴ

523 2037 704 2077 τοιούτων.
765 2036 856 2076 Tria
893 2035 1031 2075 ultima
1068 2035 1254 2074 voeabula
1281 2035 1460 2075 debemus
1489 2035 1653 2082 scribae,
1683 2034 1749 2086 qui

524 2123 605 2149 non
633 2110 878 2160 intelligebat
905 2111 995 2160 post
1020 2108 1265 2156 βεβαιότεραι
1294 2109 1550 2159 supplendum
1572 2121 1652 2147 esse
1677 2111 1747 2147 τῶν

524 2181 816 2231 ἠναγκασμένων
845 2183 944 2221 sieut
970 2184 1060 2233 post
1088 2182 1217 2228 ἡδίους.
1276 2180 1366 2221 Sine
1395 2195 1502 2220 mora
1524 2181 1749 2233 expellenda

523 2260 626 2297 sunt.

580 2404 671 2456 Pag.
693 2402 810 2443 1909.
856 2403 918 2442 καὶ
946 2405 996 2453 τῷ
1026 2403 1095 2450 μὲν
1124 2403 1286 2452 Αἰμιλίῳ
1310 2403 1427 2442 πολὺν
1450 2404 1486 2441 ἐν
1510 2407 1557 2451 τῇ
1583 2400 1749 2451 πολεμίᾳ

525 2478 695 2529 μείναντι
741 2477 870 2526 χρόνον
913 2476 1066 2524 οὐδεμία
1105 2476 1261 2524 δύναμις
1302 2476 1485 2522 ὑπήντησε
1524 2474 1746 2524 μαχουμένη
