2096 3127
905 345 954 385 27

319 471 473 510 laudato
512 484 601 521 pag.
627 471 726 515 494,
765 470 892 514 1082,
935 469 1061 515 1200,
1095 469 1221 514 1446,
1253 468 1380 513 2011,
1412 467 1539 513 2170,

321 542 447 590 2205,
490 543 616 588 2246,
655 541 768 580 modo
807 540 1051 592 participium
1088 540 1208 579 futuri
1245 541 1290 579 ut
1322 552 1411 592 pag.
1439 539 1540 587 379,

322 617 421 662 393,
460 617 561 660 993,
604 616 729 660 1363,
767 615 891 659 1424,
935 614 1060 659 1425,
1098 614 1223 659 1735,
1257 614 1381 659 1760,
1415 613 1540 658 1775,

325 689 450 735 1822,
483 689 606 735 2064,
633 688 751 726 2084.
795 686 929 737 Neque
953 685 1071 725 refert
1095 686 1218 737 qualis
1242 686 1293 725 sit
1315 673 1540 737 compositio

321 762 547 807 verborum3
585 760 803 800 invenimus
840 773 871 798 e.
897 772 934 811 g.
976 772 1065 811 pag.
1096 759 1174 798 419
1210 760 1239 798 εἱ
1269 757 1541 808 μὲν-ὥρμησαν

322 835 384 873 καὶ
418 835 616 881 διέγνωσαν
646 834 743 872 οὐδὲν
772 832 818 872 ἂν
847 832 888 870 τὸ
918 835 1053 871 κωλῦον
1075 829 1114 876 ἦν
1142 834 1181 870 et
1210 844 1299 882 pag.
1317 833 1396 870 993
1419 833 1450 871 εἶ
1475 834 1540 876 τὴν

323 906 517 955 Ἀρικηνῶν
548 907 655 945 πόλιν
684 906 889 954 ὑποχείριον
920 904 1057 952 ἔλαβον
1089 905 1187 944 οὐδὲν
1211 904 1255 944 ἂν
1286 903 1326 949 ἦν
1354 906 1395 944 τὸ
1425 907 1542 943 κωλῦ-

321 994 404 1030 σον,
434 991 523 1030 pag.
551 979 654 1017 1446
699 979 759 1017 καὶ
797 978 910 1024 μηδὲν
947 976 1039 1016 ἔστω
1080 978 1120 1016 τὸ
1158 980 1296 1017 κωλῦον
1326 977 1540 1026 γράφεσθαι

321 1052 362 1091 τὸ
388 1051 654 1100 προβούλευμα
682 1053 722 1089 et
743 1063 831 1101 pag.
848 1051 951 1089 1760
975 1051 1087 1097 μηδὲν
1112 1050 1165 1088 ἔτι
1195 1051 1236 1089 τὸ
1266 1053 1426 1095 κωλῦσον
1450 1050 1543 1089 ἔστω

320 1130 452 1173 χωρεῖν
492 1125 590 1170 ὑμᾶς
630 1124 689 1163 ἐπὶ
730 1125 813 1168 τοὺς
853 1123 1074 1174 πολεμίους,
1114 1136 1203 1175 pag.
1230 1124 1335 1163 2246
1364 1125 1476 1173 εἰσῄει
1506 1124 1542 1163 τ’

322 1198 455 1242 αὐτοὺς
482 1198 683 1245 λογισμὸς,
706 1195 758 1236 ὅτι
774 1221 785 1226 -
801 1197 899 1236 οὐδὲν
925 1196 1031 1236 ἔσται
1055 1197 1095 1236 τὸ
1121 1200 1258 1236 κωλῦον
1277 1199 1316 1236 et
1330 1210 1419 1248 pag.
1438 1198 1543 1236 2064

323 1270 421 1310 οὐδὲν
461 1269 566 1310 ἔσται
605 1271 646 1310 τὸ
684 1273 845 1309 κωλῦσον
874 1269 1031 1318 ἄρασθαι
1063 1270 1123 1309 τὸν
1153 1271 1240 1318 ὑπὲρ
1269 1275 1336 1315 τῆς
1366 1271 1540 1319 πατρίδος

253 1366 257 1368 -
322 1346 464 1391 ἀγῶνα.
518 1344 663 1382 Tamen
692 1344 786 1382 haec
813 1344 987 1382 confusio
1016 1343 1202 1394 Dionysio
1232 1357 1312 1382 non
1341 1344 1545 1382 tribuenda

325 1418 421 1456 mihi
458 1418 608 1456 videiur
643 1419 683 1455 et
709 1417 849 1467 ubique
876 1417 1048 1455 fuburum
1077 1417 1233 1454 unicum
1264 1430 1395 1455 verum
1424 1417 1520 1454 duco
1533 1444 1543 1461 ,

324 1490 426 1541 quod
454 1489 692 1540 negligentia
715 1489 923 1528 scribarum
948 1489 991 1527 in
1014 1489 1225 1540 praesentis
1249 1488 1411 1527 formam
1436 1488 1543 1526 abiit.

325 1561 569 1601 Confirmant
595 1562 696 1600 hanc
725 1562 946 1612 opinionem
975 1562 1070 1600 duae
1100 1562 1245 1600 formae
1273 1562 1434 1600 aliorum
1458 1575 1543 1599 ver-

323 1635 480 1682 borum,
521 1648 616 1686 quae
653 1648 734 1674 non
769 1635 825 1673 ita
854 1634 964 1674 facile
992 1634 1229 1685 pessumdari
1256 1636 1457 1685 poterant:
1487 1634 1543 1673 le-

323 1709 468 1757 guntur
503 1720 592 1758 pag.
618 1708 742 1746 2007:
773 1708 834 1745 καὶ
874 1709 916 1746 τὸ
945 1707 1156 1753 βεβαιῶσον
1186 1708 1307 1750 αὐτὰς
1338 1708 1436 1747 οὐδὲν
1478 1706 1542 1754 ἦν,

323 1792 418 1829 quae
445 1781 715 1829 comparentur
743 1792 829 1817 cum
857 1791 945 1829 pag.
964 1779 1090 1817 2205:
1121 1779 1183 1817 καὶ
1210 1780 1251 1817 τὸ
1283 1783 1420 1818 κωλῦον
1445 1780 1544 1819 οὐδὲν

323 1851 493 1902 ἐγένετο,
532 1853 572 1890 et
600 1864 688 1902 pag.
712 1852 838 1890 2164:
878 1851 916 1889 τί
954 1851 995 1889 τὸ
1034 1856 1186 1899 κυρῶσον
1224 1853 1330 1891 ἔσται
1361 1854 1425 1897 τὴν
1462 1852 1542 1900 περὶ

323 1928 386 1964 τοῦ
403 1926 566 1971 πολέμου
582 1927 750 1971 γνώμηνς
769 1937 856 1963 cum
871 1924 1007 1975 quibus
1022 1926 1293 1975 comparenbur
1303 1925 1406 1976 (pag.
1421 1925 1542 1976 2011)

323 1999 362 2038 τί
385 1995 444 2037 οὖν
464 1999 506 2037 τὸ
534 2001 670 2037 κωλῦον
693 1996 798 2036 ἔσται
819 1997 860 2035 τὸ
880 1998 972 2036 αὐτὸ
993 2000 1099 2036 τοῦτο
1120 1998 1244 2044 λέγειν
1259 1999 1298 2036 et
1307 1998 1411 2049 (pag.
1425 1998 1545 2046 2170)

324 2072 362 2111 τί
390 2071 466 2119 γὰρ
495 2072 537 2116 δὴ
569 2071 629 2109 καὶ
662 2070 702 2109 τὸ
728 2072 864 2109 κωλῦον
889 2068 994 2108 ἔσται
1020 2070 1082 2108 τὸν
1107 2070 1329 2117 βουλόμενον
1358 2072 1457 2117 ἡμῶν
1478 2071 1544 2114 τὴν

324 2144 524 2189 ἐκκλησίαν
577 2148 807 2190 συγκαλεῑνς
853 2141 969 2182 Hisce
1013 2143 1220 2194 perspectis
1265 2141 1377 2183 facile
1427 2143 1545 2183 cuivis

324 2217 479 2257 suadere
516 2218 611 2267 puto
649 2216 827 2255 omnibus
864 2217 957 2255 locis
994 2217 1062 2255 ubi
1088 2230 1193 2256 nunc
1218 2220 1354 2256 κωλῦον
1382 2217 1542 2268 legitur,

324 2293 483 2329 κωλῦσον
510 2289 791 2328 emendandum
819 2302 911 2328 esse.

378 2434 472 2488 Pag.
498 2436 588 2475 421.
617 2434 666 2475 In
705 2434 903 2488 colloquio·
930 2433 1032 2476 Tulli
1058 2433 1215 2476 Hosfflii
1243 2438 1283 2476 et
1309 2435 1436 2477 Meti-,ii
1466 2434 1543 2476 Fu-

324 2510 424 2549 fettii
452 2511 529 2548 dux
557 2509 796 2549 Albanorum
825 2510 885 2549 his
909 2510 1034 2549 verbis
1056 2511 1211 2561 incipit:
1253 2510 1543 2550 »Necessarium
