2096 3127
744 844 978 888 LIBER
1024 843 1403 896 QUARTUS.

518 1115 613 1166 Pag.
637 1115 727 1154 658.
772 1115 913 1166 Legem
952 1115 1051 1154 ferre
1080 1114 1222 1154 Graece
1250 1115 1389 1154 dieitur
1417 1114 1523 1162 νόμον
1550 1115 1686 1154 τιθέναι

463 1189 530 1226 aut
567 1187 674 1234 νόμον
712 1187 898 1234 τίθεσθαι,
931 1188 996 1226 sed
1024 1187 1186 1226 interest
1212 1188 1315 1226 inter
1344 1188 1438 1226 haec
1466 1188 1553 1226 duo.
1611 1187 1686 1226 Po-

462 1260 576 1311 pulus
603 1260 722 1306 liber,
755 1260 821 1310 qui
850 1259 1083 1310 δημοκρατίᾳ
1113 1261 1255 1308 utitur,
1285 1262 1325 1300 et
1352 1261 1434 1312 ipse
1462 1261 1535 1300 sibi
1562 1261 1687 1312 legem

463 1333 558 1380 fert,
598 1333 738 1372 dicitur
765 1332 871 1379 νόμον
902 1333 1081 1380 τίθεσθαι,
1115 1347 1223 1385 reges
1251 1336 1378 1373 autem
1408 1336 1447 1373 et
1473 1335 1521 1380 ii,
1551 1334 1688 1385 quibus

462 1405 653 1458 legislatio
691 1419 714 1444 a
752 1406 896 1458 populo
933 1407 1117 1446 mandata
1154 1409 1230 1455 est,
1267 1409 1312 1447 ut
1339 1407 1479 1455 Solon,
1510 1408 1689 1446 dicuntur

464 1480 571 1526 νόμον
594 1480 743 1518 τιθέναι.
789 1480 969 1530 Legimus
993 1482 1095 1531 apud
1120 1481 1420 1520 Demosthenem
1440 1481 1588 1532 (XXII.
1607 1482 1686 1531 30):

466 1553 567 1600 ἄξιον
604 1554 746 1600 τοίνυν,
781 1552 805 1592 ὦ
836 1552 963 1602 ἄνδρες
994 1555 1198 1604 Ἀθηναῖοι,
1227 1555 1289 1593 καὶ
1320 1555 1381 1593 τὸν
1412 1555 1518 1593 θέντα
1548 1555 1608 1592 τὸν
1638 1553 1688 1592 νό-

464 1641 532 1674 μον
572 1625 750 1672 ἐξετάσαι
794 1625 944 1666 Σόλωνα
984 1628 1023 1665 et
1062 1626 1125 1665 Or.
1156 1627 1296 1666 XXIV
1325 1628 1347 1678 ξ
1380 1628 1475 1666 103:
1506 1626 1688 1674 λεγόντων

464 1700 540 1749 γὰρ
578 1704 648 1739 τῶν
687 1699 821 1745 νόμων,
856 1697 914 1743 οὓς
947 1698 1051 1744 ἔθηκε
1084 1699 1222 1739 Σόλων.
1281 1700 1429 1739 Tullius
1456 1700 1594 1751 igitur,
1625 1700 1690 1750 qui

463 1776 570 1814 tutor
598 1775 783 1825 nepotum
811 1772 1011 1824 Tarquinii
1043 1774 1208 1825 gratiam
1239 1774 1372 1825 populi
1401 1773 1473 1812 sibi
1488 1773 1690 1812 conciliare

465 1848 698 1894 conabatur,
737 1848 834 1887 dixit
874 1846 980 1893 νόμον
1011 1848 1127 1892 θήσω
1156 1848 1298 1893 μηδένα
1328 1847 1503 1895 δανείζειν
1533 1847 1591 1884 ἐπὶ·
1623 1847 1690 1885 σώ-

464 1936 581 1969 μασιν
609 1906 826 1971 ἐλευθέροις,
857 1925 896 1962 et
925 1936 1026 1969 non,
1057 1924 1102 1960 ut
1130 1922 1327 1972 Kiessling
1356 1920 1476 1960 edidit
1504 1921 1662 1965 θήσομαι
1678 1949 1687 1966 ,

461 1995 564 2046 quod
603 1995 815 2033 Vaticanus
850 1995 969 2033 codex
1006 1994 1123 2032 habet
1159 2007 1245 2031 eum
1274 1994 1392 2044 vulgo
1423 1993 1570 2030 codices
1598 1992 1692 2030 dent

462 2069 572 2113 θήσω.
614 2067 654 2107 Si
683 2068 738 2106 ita
765 2068 970 2118 legerimus
998 2067 1061 2105 hie
1086 2068 1192 2105 loeus
1216 2067 1351 2105 melius
1377 2066 1580 2104 conveniet
1605 2079 1690 2103 eum

463 2153 552 2191 pag.
578 2140 676 2179 701:
716 2137 814 2188 ὅρους
854 2140 916 2178 καὶ
958 2138 1114 2182 κανόνας
1154 2140 1280 2182 αὐτοῖς
1319 2137 1441 2183 τάξας
1481 2135 1539 2181 οὓς
1578 2138 1688 2181 αὐτὸς

464 2214 505 2265 (i.
522 2226 554 2251 e.
583 2213 764 2263 Τύλλιος)
793 2212 940 2260 ἔγραψε
972 2212 1114 2258 νόμους.
1171 2211 1314 2250 Eodem
1345 2211 1458 2249 modo
1485 2210 1688 2249 resfituen-

461 2286 554 2324 dum
582 2287 642 2324 est
669 2287 759 2335 post
788 2299 909 2335 pauea
940 2297 1027 2335 pag.
1047 2285 1124 2323 659
1151 2284 1279 2331 νόμους
1307 2285 1399 2327 θήσω
1425 2285 1596 2326 κωλυτὰς
1621 2285 1689 2330 μὲν

464 2364 529 2403 τῆς
560 2358 666 2404 βίας.

514 2502 610 2557 Pag.
628 2503 718 2541 683.
759 2503 800 2540 τὸ
832 2503 873 2540 ἐκ
898 2507 963 2547 τῆς
989 2501 1172 2549 τιμήσεως
1201 2499 1411 2549 ἐπιβάλλον
1434 2501 1584 2551 ἑκάστῳ
1609 2500 1689 2541 διαὶ-
