2096 3127
1109 331 1160 370 52

510 454 639 493 eadem
677 454 749 493 hac
784 454 958 493 oratione
994 455 1145 506 plebem
1184 455 1285 501 ἡμᾶς
1324 455 1604 506 appellaverat,
1644 470 1676 495 e.
1693 469 1730 507 g.

510 540 598 577 pag.
618 528 742 566 1399:
774 529 879 574 ὑμεῖς
909 530 973 573 δή,
999 527 1023 567 ὦ
1047 530 1189 575 βουλὴ,
1215 527 1277 567 ὅτε
1301 529 1385 571 τοὺς
1408 530 1584 575 βασιλεῖς
1609 530 1730 574 οὶπηλ·

510 598 659 646 λαξατε
702 602 762 653 (ex
799 602 1067 641 emendatione
1106 603 1179 641 viri
1212 603 1301 641 clar.
1333 601 1469 653 Cobet)
1500 601 1730 650 συμμάχους

508 672 659 722 ἔχοντες
701 676 852 721 ἡμᾶς,
892 687 982 726 pag.
1011 676 1136 714 1401:
1176 675 1267 714 οὕτω
1307 675 1339 713 δ’
1377 674 1423 714 ἂν
1455 677 1569 721 ἡμῖν
1597 674 1639 713 τὸ
1679 675 1732 720 μη

511 751 614 800 μεῖον
638 745 739 794 ἔχειν
763 752 832 786 τῶν
851 748 999 787 δικαίων
1019 749 1216 794 ἀποδοίητε
1230 777 1239 794 ,
1264 746 1289 787 ὦ
1315 747 1496 798 πατέρες,
1511 760 1600 798 pag.
1615 748 1732 786 1403:

511 819 542 857 εἰ
581 819 619 858 δὲ
658 821 844 859 τάναντία
873 821 1021 867 γνοίητε
1052 821 1115 860 καὶ
1145 820 1347 869 οἶφέλοισθε
1378 822 1505 868 ἡμῶν
1533 822 1599 866 τὴν
1629 821 1733 860 ε’λευ-

512 892 887 942 θερίαν-στασιοέζειν
918 895 1044 941 ἡμᾶς
1070 892 1172 937 αὖθις
1197 895 1440 941 ἀναγκάσετε
1467 894 1530 933 καὶ
1555 899 1734 940 πολεμεῖν

513 965 619 1014 ὑμῖν,
640 978 729 1016 pag.
749 966 874 1004 1404:
899 967 983 1005 τίνα
1004 966 1155 1013 γνώμην
1178 966 1365 1014 λαβόντες
1388 966 1475 1006 τότε
1498 968 1564 1012 τὴν
1586 967 1734 1006 καθόδον

511 1038 625 1082 ἡμῖν
651 1038 937 1086 συνεχωρήσατε
964 1039 1025 1088 ἐφ’
1057 1036 1108 1083 οἷς
1139 1039 1332 1086 ἦξιοῦμενς

565 1181 660 1232 Pag.
679 1183 796 1222 1419.
825 1186 872 1227 ὦς
902 1183 939 1222 δὲ
968 1183 1028 1222 διὰ
1057 1185 1123 1229 την
1152 1182 1323 1231 ἀνάγκην
1347 1184 1637 1233 συγχωρηθέντα
1667 1186 1734 1234 ὑφ’

511 1257 633 1303 ὑμῶν,
672 1255 766 1295 ἀλλ’
804 1257 868 1296 οὐκ
907 1257 986 1296 ἀπ’
1023 1257 1164 1299 εὐνοίας
1202 1257 1282 1297 οὐδὲ
1312 1257 1413 1296 κατὰ
1444 1257 1570 1306 κρίσιν.
1627 1257 1735 1297 Haec

509 1330 697 1369 vocabula
733 1343 879 1368 novum
905 1330 1121 1380 exemplum
1152 1330 1339 1380 praebent
1370 1343 1452 1368 non
1479 1330 1736 1381 infrequentis

509 1403 747 1443 confusionis
786 1402 1114 1454 praepositionum
1153 1403 1230 1441 aza-6
1259 1404 1298 1441 et
1327 1403 1397 1442 ὑπό
1409 1417 1418 1449 ;
1446 1416 1538 1441 nam
1566 1404 1611 1442 ut
1638 1402 1734 1442 Dio-

510 1476 644 1527 nysius
682 1476 836 1527 scripsit
872 1487 961 1526 pag.
990 1476 1114 1514 1820:
1155 1475 1238 1514 ὐπό
1275 1477 1309 1514 τ’
1339 1476 1502 1522 ἀθυμίας
1531 1476 1593 1515 καὶ
1625 1475 1734 1515 σίτων

511 1550 663 1598 ἀποχῆς
707 1549 769 1601 (ex
804 1547 1073 1587 emendatione
1109 1548 1181 1586 viri
1206 1549 1297 1587 clar.
1327 1547 1462 1600 Cobet)
1492 1547 1641 1593 ἀπέστη
1671 1550 1736 1587 τοῦ

510 1622 614 1668 βίου,
652 1633 742 1672 pag.
771 1621 898 1659 1938:
942 1621 1164 1659 Οὐολοῦσκοι
1202 1621 1234 1658 δ’
1275 1620 1364 1659 ὑπό
1401 1635 1444 1659 τε
1479 1619 1634 1677 θράσους
1669 1618 1733 1658 καὶ

511 1695 712 1738 αὐθαδείας
735 1693 1005 1742 προαχθέντες,
1027 1706 1116 1745 pag.
1131 1693 1258 1732 1994:
1281 1693 1372 1732 ἀλλ’
1398 1693 1484 1732 ὑπὸ
1511 1693 1737 1742 φιλοτιμίας

511 1767 771 1815 μειρακιώδους
802 1766 1012 1813 γεγονότα,
1037 1778 1126 1816 pag.
1143 1767 1272 1805 2002:
1300 1766 1536 1813 ταλαίπωρον
1566 1765 1628 1813 ἔζη
1654 1766 1736 1812 βίον

511 1839 598 1879 ὑπὸ
628 1839 749 1884 λύπης
783 1853 824 1877 τε
856 1838 919 1877 καὶ
950 1838 1102 1885 πενίας,
1132 1849 1221 1889 pag.
1238 1838 1365 1877 2132:
1396 1839 1483 1876 κατ’
1513 1837 1640 1886 ἀρχὰς
1668 1837 1737 1884 μὲν

513 1912 589 1960 γὰρ
619 1911 705 1950 ὑπό
733 1913 768 1950 τ’
799 1911 983 1959 αἰσχύνης
1012 1910 1076 1950 καὶ
1101 1911 1271 1959 εὐπορίας
1296 1914 1367 1949 τῶν
1391 1910 1478 1959 πρὸς
1503 1910 1574 1954 τὰς
1601 1910 1736 1959 ταφὰς

513 1984 725 2029 ἐπιτηδείων
765 1983 1004 2027 ἔκαιον-τοὺς
1039 1983 1199 2032 νεκρούς,
1230 1995 1319 2034 pag.
1337 1983 1465 2022 2137:
1496 1982 1583 2022 ὑπὸ
1613 1982 1736 2028 λύπης

511 2057 574 2096 καὶ
602 2056 765 2102 ἀθυμίας
797 2057 1032 2102 ἐμπεσοῦσαν
1060 2056 1111 2103 τῷ
1142 2054 1242 2101 ἀνδρὶ
1269 2054 1470 2101 τηκεδόνα,
1499 2066 1589 2105 pag.
1608 2054 1735 2094 2267:

511 2130 581 2168 ὅδ’
604 2129 816 2178 Οὐεργίνιος
844 2129 930 2167 ὑπό
962 2128 995 2166 τ’
1031 2128 1441 2175 ὄργῆς-αὐθαδέστερον
1467 2129 1588 2166 αὐτῶν
1622 2127 1736 2171 καθή-

514 2216 653 2246 πτετο,
702 2202 757 2239 ita
793 2213 881 2252 pag.
911 2201 1014 2239 1419
1054 2201 1125 2238 ὑπ’
1154 2200 1294 2243 εὐνοίας
1324 2212 1411 2238 eum
1436 2199 1628 2250 scripsisse
1656 2212 1738 2237 non

512 2275 659 2314 dubito.
716 2274 863 2312 Eodem
886 2273 1001 2312 modo
1025 2285 1114 2324 pag.
1134 2273 1237 2313 1218
1264 2274 1303 2311 et
1326 2284 1414 2323 pag.
1432 2272 1537 2311 2260
1560 2285 1632 2322 pro
1656 2273 1732 2311 ἀπ’

512 2349 653 2390 εὐνοίας
683 2346 951 2396 corrigendum
979 2347 1038 2383 est
1072 2345 1141 2384 ὑπ’
1172 2345 1325 2387 εὐνοίας.

567 2493 661 2544 Pag.
695 2492 812 2531 1495.
859 2493 889 2531 οἱ
932 2491 964 2530 δ’
1003 2491 1065 2530 ἐπὶ
1112 2491 1197 2534 τοὺς
1236 2490 1387 2538 βωμοὺς
1425 2490 1736 2534 ἐπιτιθέντες
