2096 3127
937 342 986 380 25

354 463 447 509 ὄβαν
473 465 511 504 δὲ
538 470 697 512 Ρωμαῖοι
723 467 890 504 καλοῦσι.
928 464 1015 516 Ipse
1039 478 1189 516 quoque
1214 464 1420 515 Dionysius
1439 463 1572 502 iisdem

351 538 475 577 verbis
505 539 649 577 utitur:
679 552 710 577 e.
727 551 765 590 g.
791 551 880 590 pag.
900 528 976 578 377
1005 539 1160 581 Λεύκιος
1184 539 1372 587 Καικίλιος
1395 539 1412 577 o‘
1437 538 1573 578 καλού-

352 624 459 656 μενος
480 612 675 655 Μέτελλος
702 612 790 659 duim
817 612 997 655 ὑπατικὸς
1021 612 1037 650 ὂ
1064 611 1126 650 τὸν
1145 611 1309 659 άοίδιμον
1333 612 1373 650 ἐκ
1394 612 1571 655 Σικελίας

354 685 429 724 άπὸ
468 685 724 735 Καρχηδονίων
763 685 1235 733 καταγαγὼν·θρίαμβον,
1277 698 1364 736 pag.
1395 685 1473 724 578
1506 684 1569 724 κα)

350 757 534 803 βασιλεὺς
572 757 772 806 Ταρκύνιος
812 758 929 807 τρίτον
967 758 1028 796 ἐπὶ
1068 762 1134 803 τῆς
1163 758 1257 803 ἰδίας
1286 759 1408 807 άρχῆς
1437 757 1499 797 τὸν
1528 758 1568 796 ἐκ

349 830 461 874 τῆσδε
498 836 564 876 τῆς
603 831 736 879 μάχης
776 832 985 878 κατήγαγε
1023 832 1226 880 θρίαμβον,
1266 844 1354 882 pag.
1384 832 1486 871 2281
1528 831 1569 877 ἦν

350 902 386 941 τ’
427 902 651 952 ἀμφοτέροις
687 903 795 950 μέγα
840 906 1029 952 φρονοῦσιν
1066 903 1125 942 ἐπὶ
1174 908 1258 947 ταῖς
1305 904 1422 947 νίκαις
1461 904 1567 947 ἐλπὶς

351 976 547 1025 ἐπιφανεῖς
568 975 744 1022 κατάξειν
766 976 986 1025 θριάμβους,
1010 989 1098 1028 pag.
1112 978 1191 1016 884
1215 977 1362 1022 ὑπήντα
1386 977 1417 1015 δ’
1442 977 1567 1020 αὐτοῖς

350 1046 372 1094 ἦ
409 1064 451 1088 τε
490 1049 609 1096 βουλὴ
648 1049 829 1099 θριάμβου
859 1056 1072 1100 καταγωγῇ
1102 1050 1351 1100 ψηφισαμένη
1381 1054 1568 1097 κοσμῆσαι

354 1122 415 1161 τὸν
445 1124 635 1170 ἡγεμόνα,
660 1137 748 1175 pag.
768 1125 847 1163 933
870 1124 932 1162 καὶ
958 1123 1169 1173 ψηφίζεται
1195 1130 1291 1173 κοινῇ
1317 1124 1385 1172 μὲν
1399 1125 1570 1173 άμφοτέ·

349 1210 420 1244 ροις
445 1202 518 1238 τοῖς
543 1197 695 1240 ὑπάτοις
718 1197 899 1245 θριάμβου
926 1199 1172 1244 καταγωγήν.
1205 1197 1381 1249 (Reliqua
1396 1198 1569 1248 exempla

350 1268 428 1318 legi
466 1271 629 1319 possunt
665 1282 754 1320 pag.
782 1270 881 1316 349,
921 1270 1018 1316 466,
1057 1270 1158 1315 467,
1199 1269 1298 1316 505,
1339 1270 1435 1315 509,
1467 1269 1567 1316 528,

350 1340 450 1387 556,
482 1342 581 1388 944,
608 1342 709 1389 954,
737 1342 834 1389 956,
861 1343 961 1389 960,
990 1342 1115 1388 1058,
1143 1343 1269 1388 1136,
1297 1343 1422 1388 1673,
1451 1343 1567 1389 1747,

351 1414 476 1461 1755,
510 1415 636 1462 1882,
671 1415 795 1462 1942,
828 1415 953 1462 2056,
985 1416 1119 1466 2283).
1162 1414 1299 1453 Tribus
1320 1416 1447 1453 autem
1475 1415 1568 1454 locis

349 1487 452 1526 aliud
498 1488 655 1526 verbum
703 1488 865 1538 legitur:
904 1501 993 1539 pag.
1030 1488 1108 1541 353
1146 1486 1248 1530 οὗτος
1287 1489 1410 1535 ἤχθη
1447 1488 1566 1536 τρίτος

350 1560 419 1599 ὑπὸ
450 1560 640 1608 Ῥωμύλου
679 1561 880 1612 θρίαμβος,
919 1574 1007 1613 pag.
1034 1562 1138 1600 1063
1176 1560 1327 1610 Μάρκος
1369 1561 1567 1610 Οὐαλέριος

348 1634 364 1672 0‘
394 1635 457 1673 τὸν
486 1635 588 1674 κατα
629 1635 800 1682 Σαβίνων
833 1636 973 1682 πρῶτος
1004 1636 1288 1682 εἷο-αγαγὼν
1321 1635 1500 1681 θρίαμβον
1529 1636 1568 1673 et

346 1719 434 1758 pag.
463 1707 566 1746 1263
595 1708 780 1753 Μενηνίας
804 1707 1079 1756 Ἀγρίππας-ὂ
1110 1709 1261 1754 νικήσας
1292 1707 1476 1755 Σαβίνους
1502 1707 1565 1747 καὶ

347 1780 408 1818 τὸν
437 1780 478 1826 ἐξ
515 1782 636 1819 αὐτῶν
666 1781 845 1828 θρίαμβον
874 1781 1174 1829 ἐπιφανέστατον
1212 1781 1440 1828 άγαγών,
1471 1793 1566 1831 quas

346 1853 530 1891 lechiones
555 1853 735 1892 debemus
759 1854 912 1900 scribis,
942 1854 1008 1904 qui
1036 1854 1142 1904 siglis
1166 1853 1352 1904 neglectis
1377 1855 1444 1891 aut
1465 1854 1566 1891 male

347 1925 455 1963 lechis
482 1925 554 1964 hos
576 1926 680 1965 locos
704 1926 983 1977 depravarunt3
1004 1926 1145 1977 ubique
1159 1918 1344 1974 κατάγειν
1358 1926 1564 1965 Υθεΐῑὶίῑιιθη-

350 1998 441 2036 dum
470 2000 538 2037 θείς.

388 2143 492 2196 -Pag.
510 2145 601 2184 401.
631 2145 692 2185 τὸν
722 2146 763 2184 ἐκ
792 2152 863 2193 γῆς
894 2148 1052 2185 πλοῦτον
1080 2145 1257 2185 ἁπάντων
1280 2145 1368 2185 ὄντα
1396 2145 1563 2185 πλούτων

345 2217 589 2257 δικαιότατον.
644 2217 706 2257 Sic
735 2218 794 2256 vir
822 2219 923 2257 doct.
953 2218 1130 2269 Kiesling
1159 2219 1297 2257 edidit:
1328 2219 1475 2257 addidit
1497 2233 1564 2257 au-

344 2292 445 2330 tem:
477 2292 673 2332 »πλούτων
710 2292 871 2331 fortasse
900 2293 1105 2331 delendum
1133 2293 1229 2331 est.'’
1285 2293 1324 2332 Ν
1326 2307 1377 2332 on
1406 2294 1565 2332 fortasse

344 2363 550 2402 delendum
580 2365 656 2410 θεὴ,
686 2364 750 2402 sed
779 2364 877 2402 nihil
906 2365 965 2402 est
991 2364 1140 2403 eerfius.
1184 2400 1190 2403 .
