2096 3127
1107 308 1156 346 56

516 448 595 473 una
623 434 732 483 parte
760 431 908 481 periodi
936 430 1145 481 quidquam
1175 429 1267 468 ferri
1295 431 1445 480 potest,
1475 430 1536 468 cui
1559 430 1602 468 in
1623 431 1743 469 altera

514 506 612 544 nihil
652 504 874 555 opponitur.
933 502 1108 553 Denique
1143 501 1350 541 Coriolano
1388 502 1512 541 dicere
1540 516 1579 541 se
1608 504 1743 541 contra

515 579 713 617 Romanos
750 577 895 615 bellum
932 589 1063 627 gerere
1109 589 1190 614 non
1228 588 1324 627 opus
1362 577 1467 622 erat,
1506 575 1648 626 quippe
1677 575 1743 626 qui

513 651 687 702 profecto
714 649 792 688 iam
820 649 886 687 diu
911 649 1060 699 experti
1086 651 1224 687 essent.
1284 649 1420 700 Itaque
1448 644 1505 687 ob'
1522 648 1592 687 has
1611 661 1742 687 causas

514 724 702 762 vocabula
717 724 779 762 καὶ
807 726 958 769 πολεμῶ
982 723 1167 773 magistro
1192 722 1396 761 tribuenda
1419 722 1514 761 etin
1528 722 1741 773 marginem

512 796 706 836 reicienda
730 809 878 835 censeo.

573 921 669 972 Pag.
692 921 807 960 1570.
853 920 915 959 κοιὶ
947 919 1030 959 οὔτε
1059 918 1168 963 πόλις
1198 920 1238 958 ἐκ
1262 921 1524 969 τειχομαχίας
1548 921 1645 960 ἑάλω
1671 935 1741 968 τις,

517 992 557 1039 ἦς
592 996 655 1033 οὐκ
693 994 767 1040 ἐγὼ
800 998 940 1041 πρῶτος
970 992 1110 1039 ἐπέβην
1141 992 1161 1037 ἢ
1191 992 1258 1031 σὺν
1288 993 1439 1040 ὀλίγοις.
1496 993 1743 1032 Desideratur

516 1067 744 1106 vocabulum
783 1066 845 1104 cui
878 1067 1131 1117 opponuntur
1160 1065 1179 1110 ἢ
1211 1066 1277 1104 σὺν
1306 1067 1466 1113 &Mamm
1496 1066 1642 1105 inserto
1671 1066 1741 1113 μό-

517 1154 571 1183 νος
601 1140 806 1189 legendum
836 1141 894 1177 est
916 1136 955 1182 ἧς
976 1140 1040 1177 οὐκ
1064 1139 1137 1184 ἐγὼ
1167 1143 1306 1186 πρῶτος
1330 1139 1471 1185 ἐπέβην
1497 1140 1604 1185 μόνος
1630 1140 1650 1184 ἢ
1677 1140 1743 1178 σὺν

516 1212 670 1259 ὀλίγοις.
726 1211 905 1250 Fortasse
944 1212 1116 1262 praestat
1153 1211 1277 1250 delere
1312 1212 1498 1250 vocabula
1527 1212 1546 1257 ἢ
1578 1212 1645 1251 σὺν
1674 1212 1748 1251 ὀλί-

516 1299 621 1337 γοιςς
650 1296 740 1336 pag.
761 1284 865 1323 1995
891 1284 995 1322 enim
1018 1283 1096 1322 fere
1120 1284 1252 1322 eadem
1278 1284 1485 1336 leguntur:
1510 1285 1572 1324 καὶ
1598 1286 1744 1335 τείχεσι

518 1360 706 1406 πολεμίων
737 1360 866 1401 ὁσάκις
896 1363 1035 1405 πρῶτος
1064 1358 1183 1404 ἐπέβη
1215 1358 1297 1396 sine
1325 1358 1398 1397 hoc
1426 1359 1702 1398 additamento.

570 1483 665 1534 Pag.
690 1484 806 1522 1589.
850 1483 915 1521 ἐὰν
944 1483 1012 1529 μὲν
1041 1483 1249 1522 ἀπέλθωσιν
1280 1485 1399 1522 αὐτῶν
1429 1485 1470 1523 ἐκ
1509 1490 1575 1529 τῆς
1613 1486 1741 1533 χώρας

518 1558 745 1596 Οὐολοῦσκοι
767 1554 829 1594 καὶ
861 1560 928 1600 τῆς
957 1558 1027 1594 τῶν
1056 1555 1273 1604 συμμάχων
1301 1572 1343 1595 τε
1374 1556 1436 1595 κοιὶ
1464 1556 1628 1602 ὑπηκόων
1657 1562 1743 1604 γῆς.

513 1628 705 1668 Ultimum
743 1628 974 1667 vocabulum
1012 1628 1193 1668 debemus
1232 1629 1417 1681 magistro
1454 1629 1520 1680 qui
1549 1629 1744 1669 nesciebat

514 1703 772 1753 supplendum
810 1715 890 1740 esse
927 1703 1053 1749 χώρας
1084 1715 1130 1740 ex
1158 1702 1497 1753 praecedentibus3
1525 1705 1627 1741 recte
1653 1705 1745 1754 post

512 1789 634 1827 pauca
671 1775 855 1826 legimus,
894 1773 959 1819 ἕως
1000 1775 1031 1813 δ’
1067 1774 1114 1814 ἂν
1143 1776 1179 1814 ἐν
1209 1782 1254 1825 ’τῇ
1284 1775 1390 1826 χώρᾳ
1420 1775 1589 1822 μένοντες
1619 1777 1741 1815 αὐτῶν

511 1849 575 1888 καὶ
605 1853 685 1887 utus
704 1847 921 1896 συμμάχων
949 1847 1042 1896 ἔργα
1074 1848 1265 1897 πράττωσι
1297 1849 1498 1896 πολεμίων.

566 1974 661 2025 Pag.
689 1974 806 2012 1638.
849 1972 961 2021 ἱέρεια
1003 1974 1072 2019 μὲν
1111 1973 1179 2012 ὑπὸ
1217 1979 1287 2013 τῶν
1316 1979 1501 2021 γυναικῶν
1530 1976 1738 2025 ἀπεδείχθη

512 2047 600 2088 τότε
626 2052 797 2101 πρῶτον
834 2048 853 2091 ἦ
884 2070 936 2076 -
968 2047 1175 2096 Οὐαλερία.
1232 2048 1387 2094 Valeria
1424 2050 1518 2087 tunc
1548 2063 1629 2088 non
1657 2050 1738 2100 pri-

512 2135 619 2160 mum
632 2150 641 2167 ‚
681 2121 745 2159 sed
783 2120 908 2171 prima
946 2120 1120 2158 sacerdos
1157 2134 1180 2158 a
1213 2121 1366 2160 feminis
1396 2122 1583 2161 Romanis
1612 2124 1738 2161 creata

447 2210 449 2213 ·
514 2197 593 2233 est:
632 2194 783 2243 legatur
820 2193 939 2243 igitur
968 2194 1125 2241 πρώτΗ,
1156 2196 1200 2232 ut
1228 2195 1398 2244 sequitur
1427 2196 1553 2234 θυσίαν
1582 2196 1619 2234 δὲ
1649 2197 1739 2244 πρώ-

513 2281 580 2311 την
610 2267 649 2304 αἱ
676 2270 853 2312 γυναῖκες
874 2265 1007 2303 ἔθυσαν
1037 2287 1088 2295 -
1116 2265 1202 2312 μηνὶ
1237 2265 1457 2316 Δεκεμβρίῳ
1487 2271 1551 2306 τοῦ
1582 2267 1739 2306 κάτοπιν

514 2341 694 2379 ἐνιαυτοῦ.

570 2466 664 2515 Pag.
694 2465 811 2504 1643.
850 2463 891 2509 ἦν
927 2464 964 2502 δὲ
1001 2465 1166 2509 Τύλλιος
1197 2466 1351 2511 ’Ἄττιος
1382 2467 1398 2505 ὁ
1427 2467 1498 2512 τοὶς
1526 2468 1641 2517 ὄργοὶς
1670 2469 1738 2508 οιῦ-
