2096 3127
917 307 967 344 35

331 441 480 479 semper
516 427 728 475 omittitur,
766 441 799 467 e.
822 441 861 480 g.
890 441 979 480 pag.
1010 430 1135 468 2033:
1164 431 1196 469 οἱ
1226 430 1258 468 δ’
1289 430 1349 469 ἐπὶ
1379 431 1444 477 τὴν
1476 445 1547 468 πα-

331 499 492 548 ράληψιν
530 501 644 540 αὐτοῦ
684 501 861 549 παρόντες
897 502 1117 548 ἠσπάσαντό
1145 517 1187 541 τε
1216 501 1383 546 ἅπαντες
1411 505 1477 543 οὐκ
1505 504 1548 541 ἐκ

331 575 395 612 τοῦ
424 573 602 620 ὀνόματος
631 573 721 613 άλλ’
751 572 915 620 ὕπατον,
945 574 1140 614 Plutarch.
1170 575 1263 614 Fab.
1293 575 1395 615 Max.
1430 575 1546 616 XIII.

331 646 362 684 οἱ
399 645 435 684 δὲ
470 650 695 692 στρατιῶται
723 646 807 689 τοὺς
835 647 1063 695 στρατιώτας
1093 647 1289 695 πάτρωνας
1317 648 1547 697 ἠσπάζοντο,

330 717 404 756 Dio
443 716 546 756 Cass.
586 717 706 757 XLV.
747 719 818 759 32:
858 720 965 765 ἡμεῖς
1001 719 1169 766 βασιλέα
1196 720 1281 759 τινα
1308 719 1548 770 άσπάζεσθαί

331 804 373 828 σε
402 788 696 837 προσετάξαμεν.

385 933 433 971 In
472 933 692 980 moenibus,
731 934 920 981 turribus,
959 935 1034 973 aris
1073 935 1310 974 exstruendis
1341 934 1549 984 Dionysius

331 1006 452 1045 utitur
489 1006 606 1045 verbo
635 1005 809 1054 ἐγείρειν,
839 1008 885 1045 ut
911 1019 1000 1058 pag.
1032 1007 1131 1046 314:
1161 1010 1225 1047 τοῦ
1254 1007 1322 1054 μὲν
1350 1007 1546 1048 Παλατίου

331 1080 373 1118 τὸ
411 1084 539 1128 τεῖχος
577 1081 624 1122 ὥς
651 1079 933 1129 ἀσφαλέστερον
963 1077 1055 1118 εἷναι
1084 1085 1158 1122 τοῖς
1189 1079 1283 1119 ἔνδον
1313 1078 1546 1128 ὑψηλοτέροις

335 1152 512 1199 ἐρύμασιν
556 1152 724 1201 ἐγείρων,
766 1164 854 1202 pag.
900 1153 1000 1190 414:
1047 1155 1223 1200 φυλακῆς
1263 1152 1300 1190 δὲ
1338 1154 1487 1198 μᾶλλον
1525 1152 1546 1196 ἢ

333 1225 663 1272 προεπιχειρήσεως
691 1224 857 1271 πρόνοιαν
886 1223 1104 1270 ἐλάμβανον
1129 1224 1370 1272 ὑψηλοτέρους
1394 1223 1549 1271 ἐγείρον-

334 1311 396 1339 τες
424 1297 508 1340 τοὺς
535 1297 711 1344 χάρακας
740 1299 780 1334 et
805 1297 861 1335 ita
883 1310 1033 1347 quoque
1054 1309 1142 1347 pag.
1172 1297 1271 1342 752,
1293 1298 1394 1342 987,
1421 1298 1523 1335 1781
1539 1324 1548 1342 ,

337 1368 454 1408 2028.
511 1368 680 1407 Tantum
722 1380 810 1419 pag.
860 1369 937 1408 773
983 1368 1131 1408 Tullius
1172 1368 1336 1408 Romam
1373 1369 1550 1408 muniens

333 1442 469 1478 contra
508 1440 649 1478 Gabios
687 1441 826 1478 dieitur
853 1446 919 1485 τῆς
948 1441 1089 1484 πόλεως
1119 1442 1170 1479 τά
1200 1441 1287 1489 πρὸς
1315 1442 1398 1485 τοὺς
1428 1441 1548 1487 Γαβί-

333 1527 391 1556 ους
414 1512 609 1560 βλέποντα
635 1512 705 1564 (sic
729 1512 948 1552 emendavit
967 1512 1026 1552 vir
1039 1513 1130 1552 clar.
1146 1511 1283 1564 Oobefi)
1295 1542 1304 1560 ‚
1320 1515 1384 1552 τοῦ
1400 1512 1547 1562 περιβό-

331 1595 396 1625 λου
425 1585 486 1624 δια
515 1587 754 1633 πολυχειρίας
784 1584 1010 1633 ἐξωχυροῦτο
1038 1586 1181 1634 τάφρον
1205 1584 1423 1633 ὀρυξάμενος
1448 1587 1548 1633 εὐρυ-

330 1657 440 1705 τέραν
479 1657 542 1696 καὶ
581 1663 708 1705 τεῖχος
747 1657 924 1704 άνεγεί
931 1671 1015 1706 ρας
1055 1658 1289 1705 ὑψηλότερον.
1345 1657 1431 1697 Hoc
1462 1659 1547 1697 loco

330 1743 401 1782 pro
431 1730 626 1777 άνεγείρας
654 1730 858 1779 legendum
888 1731 946 1768 θεὲ
974 1729 1135 1777 ἐγείρας.

384 1872 477 1923 Pag.
504 1873 593 1911 798.
640 1872 798 1915 ἐπιστὰς
837 1872 875 1910 δὲ
904 1878 949 1921 τῇ
979 1873 1083 1920 κλίνῃ
1111 1872 1352 1920 διεγερθείσης
1381 1871 1468 1920 ἅμα
1495 1874 1546 1920 τῷ

331 1949 488 1984 συνεῖναι
532 1945 593 1983 τὸν
637 1944 762 1993 ψόφον
799 1950 865 1990 τῆς
905 1946 1093 1992 γυναικός.
1147 1945 1211 1984 Ad
1246 1958 1335 1996 pag.
1375 1946 1452 1984 557
1491 1946 1550 1983 vir

331 2019 420 2057 clar.
461 2018 583 2058 Cobet
619 2018 792 2069 (Observ.
823 2018 916 2058 Ori‘o.
946 2020 987 2057 e'c
1012 2018 1210 2069 Palaeogr.
1239 2019 1288 2056 ad
1313 2017 1429 2056 Dion.
1458 2017 1549 2056 Hal.

310 2090 425 2130 Ant.
470 2091 582 2130 Rom.
612 2103 701 2142 pag.
734 2092 800 2142 70)
830 2091 1052 2129 annotavi&
1082 2090 1316 2129 »utebantur
1342 2090 1552 2141 praesentis

330 2165 455 2204 forma
504 2164 627 2214 (verbi
670 2164 877 2214 παριέναι),
926 2176 1022 2213 quae
1067 2163 1195 2201 minus
1232 2165 1314 2201 erat
1347 2163 1552 2201 lectoribus

334 2237 536 2288 ambigua,
565 2238 611 2275 ui]
638 2237 677 2275 ef,
696 2235 853 2281 ξυνιέναι
880 2236 1124 2287 (intelligere)
1147 2249 1217 2286 pro
1240 2234 1409 2281 ξυνεῖναι.
1455 2242 1553 2283 Παρ-

331 2314 423 2347 εῖναι
468 2310 571 2348 enim
609 2311 707 2348 solet
742 2310 835 2360 poni
875 2323 945 2360 pro
974 2310 1104 2348 adesse
1128 2312 1167 2347 et
1193 2309 1350 2354 ξυνεῖναι
1378 2323 1447 2359 pro
1475 2323 1554 2348 una

338 2382 457 2421 esse.''
523 2382 637 2421 Hanc
679 2383 729 2421 ob
771 2396 923 2421 eausam
965 2395 1036 2433 pro
1078 2380 1162 2429 ἅμα
1209 2384 1258 2430 τῷ
1294 2387 1451 2421 συνεῖναι
1491 2382 1553 2421 τὸν

334 2453 459 2502 ψόφον
483 2455 688 2504 legendum
713 2468 793 2493 esse
814 2454 901 2500 ἅμα
924 2456 974 2502 τῷ
999 2455 1155 2493 συνιέναι
1179 2454 1240 2492 τὸν
1264 2454 1387 2502 ψόφον
1404 2467 1551 2494 censeo.
