2096 3127
1098 301 1149 339 24

505 423 621 462 alium
651 423 785 459 narrat
812 434 856 459 ac
885 421 1016 459 Livius
1029 450 1037 466 ‚
1069 421 1129 459 cui
1157 423 1288 460 tamen
1318 421 1448 460 fabula
1461 451 1470 468 ‚
1501 435 1523 460 a
1544 421 1730 472 Dionysio

506 494 666 540 tradita,
706 506 793 541 non·
824 493 962 544 ignota
997 494 1091 532 erat.
1145 491 1239 544 Gap.
1278 493 1336 533 VI
1373 494 1462 533 libri
1503 494 1582 533 VH
1629 494 1732 533 enim

504 567 666 619 legitur:
708 567 935 617 »lacumque
974 565 1149 606 Curtium
1186 580 1268 606 non
1299 566 1348 606 ab
1373 567 1532 618 antiquo
1559 568 1626 606 illo
1655 566 1734 605 Titi

503 640 593 679 Tati
622 639 744 678 milite
777 638 911 678 Curtio
947 639 1103 687 Mettio,
1135 640 1200 679 sed
1234 639 1282 679 ab
1309 639 1384 679 hoc
1412 639 1492 692 (qui
1520 653 1606 679 cum
1635 653 1732 691 equo

502 713 546 752 in
575 715 698 752 terrae
724 713 874 752 hiatum
903 727 943 751 se
965 713 1140 766 immisit)
1173 713 1450 764 appellatum.”

562 859 657 910 Pag.
686 859 776 898 353.
815 859 982 897 Foedere
1030 872 1137 913 cum'
1161 859 1388 898 Veientibus
1426 860 1503 898 icto
1547 859 1733 898 Romulus

507 931 679 983 captivos
705 931 787 970 sine
821 931 945 982 pretio
984 931 1150 977 dimisit3
1183 931 1250 978 iis,
1290 932 1356 983 qui
1395 932 1540 971 Romae
1579 944 1733 970 manere

506 1005 723 1051 malebant,
762 1004 921 1043 licebat:
958 1004 1042 1048 τοὺς
1073 1004 1104 1043 δ’
1135 1005 1248 1042 αὐτοῦ
1279 1004 1402 1051 μένειν
1430 1004 1732 1054 προαιρουμένους

506 1078 632 1127 πολλῷ
672 1077 822 1120 πλείους
860 1076 968 1121 ὄντας
1008 1081 1078 1116 τῶν
1109 1076 1235 1127 ἑτέρων
1265 1078 1426 1122 πολίτας
1456 1078 1733 1129 ποιησάμενος,

506 1167 538 1191 κ.
557 1165 592 1190 τ.
610 1160 647 1189 λ.
692 1150 872 1201 Languet
898 1150 995 1189 illud
1018 1154 1087 1189 τῶν
1114 1149 1240 1199 ἐτέρων
1266 1152 1306 1190 et
1330 1151 1446 1202 plane
1475 1151 1667 1190 abundat:
1689 1152 1734 1190 ut

507 1224 894 1274 interpretamentum
931 1223 1136 1261 delendum
1174 1225 1242 1261 est.
1286 1223 1432 1262 Eodem
1466 1224 1581 1262 modo
1616 1223 1733 1261 corri-

506 1297 633 1347 genda
669 1298 762 1334 sunt
799 1309 896 1347 quae
931 1296 1114 1352 leguntur
1152 1308 1240 1347 pag.
1269 1297 1346 1335 399
1385 1295 1437 1335 τά
1475 1296 1505 1335 δ’
1535 1296 1734 1346 ἀμάρτυρα

507 1371 633 1418 πολλῷ
665 1370 782 1407 πλείω
812 1373 883 1406 τῶν
913 1368 1041 1415 ἑτέρων
1070 1368 1171 1407 ὄντα.

558 1515 652 1565 Pag.
671 1514 761 1552 355.
789 1514 1048 1552 Historiarum
1074 1514 1337 1552 Romanorum
1364 1514 1567 1564 scriptores
1583 1514 1729 1561 Graeci,

500 1601 586 1626 cum
615 1587 662 1626 de
690 1586 888 1638 triumpho
918 1600 1041 1625 sermo
1071 1588 1148 1633 est,
1180 1587 1318 1626 dicunt
1337 1587 1517 1636 θρίαμβον
1543 1588 1730 1635 κατάγειν

499 1663 538 1698 et
566 1660 746 1708 θριάμβου
777 1660 1002 1707 καταγωγή.
1047 1659 1108 1698 Sic
1136 1660 1238 1710 apud
1263 1660 1469 1710 Polybium
1497 1660 1582 1711 (XI.
1601 1661 1672 1706 33,
1692 1660 1731 1712 7)

497 1734 659 1784 legimus
698 1733 1028 1781 Πόπλιος-παρῆν
1068 1734 1119 1776 εἷς
1161 1734 1222 1772 τὸν
1263 1715 1495 1782 Ταρράκεονα
1529 1734 1633 1780 μετὰ
1661 1748 1730 1780 με·

498 1806 634 1853 γίστης
660 1808 808 1854 χαρᾶς,
840 1806 1044 1845 κάλλιστον
1078 1806 1257 1854 θρίαμβον
1289 1806 1352 1844 καὶ
1386 1807 1595 1851 καλλίστην
1633 1806 1731 1851 νίκην

498 1885 546 1927 τῇ
576 1879 732 1926 πατρίδι,
755 1880 958 1925 κατάγων,
987 1880 1026 1916 et
1051 1879 1152 1928 apud
1177 1879 1432 1917 Plutarchum
1455 1879 1497 1916 in
1521 1879 1601 1917 vita
1623 1878 1732 1916 Fabii

502 1950 661 1990 Maximi
699 1953 746 2002 (0.
775 1952 843 2003 24)
884 1950 1042 1998 λέγεται
1083 1951 1113 1989 δ’
1149 1952 1194 1994 ὡς
1225 1951 1367 1996 άληθῶς
1397 1955 1461 1990 τοῦ
1492 1952 1638 1999 Φαβίου
1669 1952 1731 1990 τὸν

501 2023 728 2072 πρόπαππον
755 2025 791 2061 ἐν
821 2023 905 2073 δόξῃ
934 2024 996 2062 κα)
1026 2023 1179 2070 δυνάμει
1208 2024 1375 2072 μεγίστῃ
1404 2024 1595 2070 Ῥωμαίων
1626 2024 1729 2072 γενό-

501 2112 610 2144 μενον
649 2098 825 2141 πεντάκις
866 2098 934 2144 μὲν
973 2098 1085 2135 αὐτὸν
1115 2097 1327 2135 ὑπατεῦσαι
1356 2097 1418 2135 καὶ
1449 2096 1657 2145 θριάμβους
1688 2098 1729 2137 ἐκ

501 2171 672 2218 πολέμων
710 2171 902 2217 μεγίστων
940 2170 1266 2219 ἐπιφανεστάτους
1307 2175 1572 2217 καταγαγεῖν,
1613 2173 1652 2209 et
1687 2172 1730 2209 in

498 2243 578 2282 vita
613 2243 787 2282 Marcelli
824 2247 871 2292 (e.
901 2244 988 2295 22):
1028 2243 1276 2291 ἐνισταμένων
1314 2243 1352 2282 δὲ
1391 2247 1461 2282 τῶν
1500 2243 1636 2292 ἐχθρῶν
1678 2244 1728 2293 τῷ

500 2317 714 2365 Μαρκέλλῳ
740 2318 826 2364 πρὸς
853 2317 914 2354 τὸν
941 2317 1410 2365 θρίαμβον-συνεχώρησεν
1435 2316 1548 2357 αὐτὸς
1573 2317 1634 2354 τὸν
1659 2317 1727 2362 μὲν

498 2389 628 2434 ἐντελῆ
666 2388 730 2428 καὶ
767 2387 894 2436 μέγαν
932 2389 983 2434 εἷς
1022 2389 1063 2428 τὸ
1103 2389 1295 2436 Ἀλβανὸν
1324 2387 1398 2437 ὄρος
1428 2386 1631 2434 ἐξελάσαι,
1664 2387 1726 2427 τὸν

497 2461 531 2501 δ’
562 2460 710 2500 ἐλάττω
739 2466 984 2508 καταγαγεῖν
1013 2462 1065 2504 εἰς
1094 2463 1160 2506 τὴν
1189 2461 1297 2500 πόλιν
1332 2455 1368 2498 ὃν
1396 2461 1484 2500 εὔαν
1512 2459 1720 2507 Ἕλληνες,
