2096 3127
1078 323 1128 360 48

494 449 684 488 πολιτικῆς
723 443 782 482 ἐπὶ
815 445 898 488 τοὺς
928 444 1080 487 ὀθνείους
1109 443 1359 491 πολέμους
1389 446 1454 483 οὐκ
1483 446 1534 488 εἷς
1564 445 1716 494 μακρὰν

492 518 752 565 ἐλευσομένους
784 522 1020 568 πανστρατιᾷ
1051 518 1133 557 sine
1161 518 1278 557 dubio
1307 518 1445 557 vifiosa
1472 520 1585 564 sunt3
1615 519 1716 558 bella

492 591 595 629 enim
624 603 706 629 non
734 591 912 629 omnibus
941 591 1059 641 copiis
1082 591 1265 637 veniunt,
1295 591 1361 629 sed
1384 590 1524 629 hostes.
1568 590 1624 629 At
1647 576 1715 629 'vo-

494 662 673 701 cabulum
708 663 811 714 quod
850 663 1106 710 desideramr,
1151 663 1262 702 facile
1296 663 1462 702 inveniri
1497 664 1646 714 poi-sesi,
1684 662 1717 701 si

491 748 571 773 una
599 737 754 774 tantum
783 736 894 774 libera
921 736 1075 774 additur
1102 737 1142 774 et
1169 748 1240 787 pro
1268 735 1453 782 πολέμους
1483 734 1624 786 legiixur
1647 748 1715 773 πο-

493 808 657 854 λεμίους.
1594 820 1598 823 ’

552 954 646 1005 Pag.
666 955 782 993 1154.
822 955 914 993 ἀλλ’
948 957 995 998 ὦς
1034 954 1356 1002 διαλλαγήσονται
1395 955 1508 1005 χωρὶς
1535 954 1716 1004 αἰσχύνης

497 1027 737 1065 σκοπούντων.
780 1027 885 1066 Nota
914 1042 974 1066 res
1000 1030 1060 1067 est
1083 1029 1241 1066 verbum
1272 1033 1422 1067 σκοπεῖν
1445 1041 1532 1066 cum
1559 1028 1654 1072 ὅπως
1679 1031 1719 1067 et

496 1100 626 1138 futuro
656 1101 862 1151 coniungi3
892 1102 1122 1151 comparatis
1151 1102 1235 1139 aliis
1264 1102 1359 1139 locis
1386 1101 1584 1151 Dionysii,
1614 1101 1717 1138 hune

496 1185 646 1222 quoque
675 1173 806 1211 eadem
835 1173 1038 1211 verborum
1068 1174 1345 1224 oomposibione
1372 1174 1430 1211 uti
1454 1174 1574 1212 solere
1597 1186 1717 1224 appa-

495 1249 574 1290 ret3
618 1259 649 1284 e.
676 1258 714 1296 g.
754 1259 842 1297 pag.
872 1246 997 1285 1519:
1046 1250 1183 1294 πρῶτον
1220 1247 1289 1292 μὲν
1327 1245 1384 1286 οὖν
1427 1246 1513 1293 ὑμῖν
1554 1249 1716 1294 παραινῶ

496 1322 646 1356 σκοπεῖν
675 1315 770 1361 ὅπως
802 1318 941 1365 εὐσεβῆ
972 1319 1035 1356 καὶ
1067 1318 1213 1357 δικαίαν
1244 1319 1435 1363 ποιήσεσθε
1465 1321 1529 1356 τοῦ
1554 1317 1718 1363 πολέμου

498 1390 707 1441 πρόφασιν,
746 1403 835 1441 pag.
865 1392 987 1430 1892:
1027 1391 1091 1429 καὶ
1131 1392 1232 1437 μετα
1270 1393 1370 1431 τοῦτ’
1410 1390 1585 1430 ἐσκόπουν
1623 1389 1718 1434 ὅπως

497 1463 763 1512 τιμωρήσονται
789 1463 851 1501 τὸν
878 1462 1015 1512 ἄνδρα,
1040 1476 1129 1515 pag.
1147 1463 1274 1502 2265:
1300 1463 1362 1502 καὶ
1386 1463 1487 1520 μετὰ
1513 1467 1584 1502 τῶν
1597 1463 1718 1511 Φίλων

498 1536 675 1575 ἐσκόπουν
705 1535 800 1580 ὅπως
832 1538 1014 1576 παύσουσι
1045 1539 1111 1581 τὴν
1141 1539 1315 1586 ταραχήν
1331 1567 1340 1582 ,
1368 1538 1434 1587 qui
1461 1537 1536 1576 loci
1565 1549 1720 1587 prorsus

499 1622 585 1648 eum
599 1610 684 1648 loco
700 1611 834 1649 nostro
858 1610 1106 1649 conveniunt.
1136 1610 1283 1650 Similia
1302 1611 1486 1661 leguntur
1500 1621 1588 1660 pag.
1602 1609 1720 1655 1163,

501 1683 627 1728 1169,
660 1683 784 1729 1427,
818 1683 944 1729 1470,
978 1683 1104 1728 1514,
1139 1683 1264 1728 1740,
1294 1683 1420 1727 1741,
1453 1682 1582 1726 1866;
1606 1694 1722 1731 quare

498 1754 560 1792 hio
589 1768 740 1806 quoque
768 1755 997 1806 Dionysium
1029 1753 1150 1798 ὅπως
1179 1755 1501 1802 διαλλαγήσονται
1530 1754 1722 1805 scripsisse

499 1828 595 1866 mihi
623 1842 845 1878 persuasum
874 1830 943 1866 est.

554 1974 648 2025 Pag.
670 1973 785 2012 1155.
818 1973 914 2012 πολὺ
943 1972 1048 2021 μέρος
1076 1973 1352 2020 διαγγέλλεται
1378 1978 1490 2012 νοσεῖν
1516 1973 1616 2022 ἔρωτι
1638 1988 1723 2022 κρα-

497 2046 672 2093 τούμενον
701 2045 740 2092 ἧς
771 2045 938 2090 ἅπαντες
963 2047 1168 2096 γλίχονται
1194 2048 1427 2094 μεταβολῆς.
1473 2047 1723 2099 Partioipium

498 2121 743 2168 κρατούμενον
781 2120 961 2158 debemus
1000 2121 1270 2170 interpolatori
1307 2121 1372 2171 qui
1400 2121 1594 2159 nesciebat
1621 2122 1722 2168 ἔρωτι

505 2193 670 2244 pendere
709 2206 732 2230 a
772 2193 888 2231 verbo
918 2197 1054 2237 νοσεῖν;
1083 2204 1174 2242 ergo
1203 2192 1333 2230 statim
1361 2193 1627 2243 expellendum
1656 2195 1723 2232 θεὲ.

559 2339 656 2388 Pag.
677 2339 792 2377 1169.
823 2336 860 2381 ὃς
890 2338 1058 2379 ἀναστὰς
1089 2341 1227 2385 πρῶτον
1258 2338 1516 2383 ὑπεμίμνησκε
1545 2339 1611 2382 τὴν
1638 2339 1723 2384 βου-

498 2413 566 2458 λὴν
596 2414 667 2449 τῶν
704 2409 799 2450 ἰδίων
829 2409 1284 2457 πολιτευμάτων-ἔπειτα
1313 2410 1423 2457 ἠξίου.
1480 2409 1725 2450 Consuetudo

503 2484 679 2536 Dionysii
733 2484 809 2523 fert
856 2485 901 2523 ut
949 2484 1237 2535 coniungantur
1280 2488 1416 2532 πρῶτον
1458 2484 1527 2531 μὲν
1546 2506 1564 2514 -
1579 2484 1725 2524 ἔπειτα.
