2096 3127
987 307 1036 345 39

402 430 477 470 οδον
525 430 618 477 ἔγνω
664 435 734 470 τῶν
774 429 916 469 πόλεων
955 431 1190 477 γιγνομένην.
1258 430 1499 481 Quapropter
1536 432 1622 469 loeo

402 516 552 555 quoque
588 503 759 542 indicato
795 503 1001 553 legendum
1035 489 1114 541 est:
1149 504 1236 551 παρ’
1267 503 1478 547 Ἀκυλλίοις
1509 526 1561 533 —
1590 504 1624 543 οἱ

403 576 686 625 κορυφαιότατοι
712 579 783 614 τῶν
803 576 839 613 ἐν
864 581 910 624 τῇ
936 575 1145 624 συνωμοσίᾳ
1165 576 1445 622 συνήγοντο.
1477 576 1623 614 Eodem

403 648 516 687 modo
556 647 824 699 corrigendum
863 648 921 687 est
948 660 1037 699 pag.
1069 647 1148 687 866
1177 648 1264 697 παρ’
1298 644 1348 691 οἷς
1377 648 1623 696 συναγόμενοι

403 722 489 772 (pro
541 721 683 759 tradito
732 721 1003 773 καταγόμενοι)
1048 727 1095 771 τῇ
1139 721 1369 771 παρελθούσῃ
1410 722 1510 761 νυκτὶ
1553 723 1624 767 τοὶς

404 794 607 838 ἐπιστολὰς
637 793 823 843 ἔγραψαν.

460 938 554 990 Pag.
576 939 667 978 872.
712 939 839 988 ἑτέραν
868 939 904 979 δὲ
934 939 1213 988 μεταλαβόντα
1242 940 1377 986 οἴκησιν
1405 940 1472 985 τὴν
1502 954 1625 979 κατα·

407 1013 627 1058 λειπομένην
655 1013 819 1061 πατρίδα
845 1014 1028 1060 ἡγεῖσθαι.
1085 1013 1148 1052 Ad
1172 1014 1276 1052 hunc
1298 1015 1424 1052 locum
1444 1014 1503 1051 vir
1525 1013 1626 1051 doct.

407 1084 545 1124 Garrer
582 1084 688 1137 (Obs.
725 1086 773 1124 ad
808 1085 923 1125 Dion.
951 1086 1041 1125 Hal.
1071 1086 1166 1125 Ant.
1197 1086 1308 1125 Rom.
1338 1099 1427 1138 pag.
1459 1086 1527 1137 54)
1557 1099 1627 1124 an-

407 1157 578 1195 notavit:
619 1157 686 1196 »Si
723 1158 836 1196 aliam
875 1158 1155 1197 habitationem
1193 1159 1419 1205 invenisset,
1449 1160 1494 1197 ut
1520 1159 1627 1197 dere-

407 1231 539 1269 lictam
576 1232 706 1270 tamen
743 1232 908 1283 patriam
946 1231 1152 1278 haberet‚”
1189 1232 1309 1283 igitur
1335 1232 1542 1283 legendum
1570 1234 1629 1270 est

411 1304 716 1350 καταλιπομένην
746 1317 870 1355 neque
896 1305 939 1343 in
967 1305 1040 1344 hoc
1067 1304 1297 1356 Dionysium
1325 1318 1469 1343 errasse
1497 1305 1629 1343 verisi-

409 1376 499 1415 mile
538 1377 636 1415 est.'’
692 1377 785 1416 Non
823 1377 1051 1428 Dionysium
1079 1391 1223 1417 errasse
1251 1378 1384 1424 eredo,
1413 1379 1478 1416 sed
1505 1378 1629 1416 virum

405 1449 506 1488 doct.
555 1449 705 1489 Garrer.
764 1450 873 1489 Licet
914 1450 1078 1489 aoristus
1115 1452 1343 1501 praestaret,
1382 1452 1512 1489 tamen
1549 1463 1630 1488 non

406 1523 611 1574 requiritur
648 1524 812 1562 aoristus
845 1524 960 1562 medii
989 1524 1054 1562 sed
1082 1524 1235 1574 passivi.
1292 1523 1476 1562 Praesens
1505 1523 1630 1562 tribu-

406 1597 547 1635 endum
578 1598 637 1635 est
664 1596 926 1647 negligentiae
953 1595 1140 1647 Dionysii.

459 1739 553 1790 Pag.
584 1740 674 1779 884.
732 1739 795 1778 καὶ
850 1739 1091 1787 προελθὼν
1143 1739 1202 1776 ἐπὶ
1246 1738 1288 1776 τὸ
1333 1738 1457 1784 βῆμα.
1524 1737 1626 1776 Usus

404 1813 575 1862 postulat
602 1812 759 1850 verbum
789 1812 981 1859 παριέναι,
1012 1812 1141 1861 itaque
1169 1812 1375 1861 legendum
1401 1812 1459 1849 est
1479 1820 1622 1858 παρελ-

406 1885 471 1924 θὼν
500 1883 559 1923 ἐπὶ
590 1883 631 1923 τὸ
661 1883 786 1931 βῆμα.

459 2028 553 2080 Peg.
579 2029 670 2068 889.
723 2027 846 2067 Bruto
885 2029 1036 2067 mortuo
1076 2026 1252 2067 Valerius
1288 2027 1330 2066 in
1370 2027 1625 2078 suspicionem

373 2102 376 2104 ’
407 2103 515 2140 venit
550 2102 696 2152 regiam
729 2102 959 2151 dignitatem
987 2114 1142 2151 parare:
1174 2105 1311 2147 πρῶτον
1339 2101 1406 2146 μὲν
1436 2098 1491 2139 ὅτι
1520 2099 1627 2145 μόνος

407 2174 575 2223 κατέσχε
612 2175 678 2219 τὴν
717 2174 836 2222 ἀρχὴν
875 2173 952 2213 δέον
986 2174 1088 2217 εὐθὺς
1119 2172 1264 2213 ἑλέσθαι
1294 2174 1376 2212 τὸν
1405 2174 1626 2213 συνύπατον.

405 2245 502 2291 Quia
545 2243 736 2285 incertum
779 2248 862 2285 erat
898 2259 1011 2297 quem
1038 2245 1215 2296 'populus
1252 2247 1447 2285 consulem
1485 2248 1630 2284 crearet

405 2319 608 2357 articulum
644 2318 706 2357 τόν
745 2319 844 2356 male
881 2319 1055 2357 additum
1089 2321 1158 2357 est.
1217 2319 1334 2358 Recte
1362 2321 1543 2358 omissum
1571 2322 1630 2357 est

406 2401 495 2441 pag.
527 2389 627 2428 873:
658 2390 675 2429 ὁ
706 2389 744 2428 δὲ
773 2392 925 2439 Βροῦτος
952 2390 1018 2429 οὐκ
1046 2389 1157 2438 ἀξιῶν
1187 2390 1294 2437 μόνος
1322 2390 1451 2441 ἄρχειν
1481 2414 1530 2420 -
1561 2405 1629 2430 κα-

406 2462 521 2505 λέσας
550 2462 612 2500 τὸν
642 2462 754 2508 δῆμον
786 2485 836 2492 -
867 2463 1102 2511 συνάρχοντα
1133 2465 1303 2512 αἱρεῖται.
